% tex.bib 中的一条
@BOOK{mittelbach2004,
  title = {The {{\LaTeX}} Companion},
  publisher = {Addison-Wesley},
  year = {2004},
  author = {Frank Mittelbach and Michel Goossens},
  series = {Tools and Techniques for Computer Typesetting},
  address = {Boston},
  edition = {Second}
}
