@String{ j-CJ = "The Computer Journal" }

@Article{Knuth:CJ-2-27-97,
  author =       "Donald E. Knuth",
  title =        "Literate Programming",
  journal =      j-CJ,
  year =         "1984",
  number =       "2",
  volume =       "27",
  pages =        "97--111",
  month =        may,
}
