%---------------------------------------------------------------------------%
%-                                                                         -%
%-                             Bibliography                                -%
%-                                                                         -%
%---------------------------------------------------------------------------%
% This file was created with Citavi 6.2.0.12

@book{A.2017,
 author = {{A.Forsyth（戴维·A.福赛斯）JeanPonce（简·泊斯） David}},
 year = {2017},
 title = {计算机视觉一种现代方法（第二版）（英文版）},
 publisher = {电子工业出版社},
 isbn = {9787121276170}
}


@book{chen.b,
 author = {陈兵旗},
 title = {机器视觉技术及应用实例详解},
 isbn = {9787122198044}
}


@book{yong.2013,
 abstract = {Ben shu ti chu le wang luo hua duo mu shi jue zai xian kuai su jian ce li lun yu xi tong, Xi tong di jie shao le ji qi shi jue zi dong jian ce ling yu de zhi shi he ji shu.},
 author = {yong, Yu wen and hui, Shi},
 year = {2013},
 title = {机器视觉自动检测技术},
 address = {Bei jing},
 publisher = {{Hua xue gong ye chu ban she}},
 isbn = {7122176827}
}


@book{zhang.2017,
 author = {章毓晋},
 year = {2017},
 title = {计算机视觉教程（第2版）},
 publisher = {人民邮电出版社},
 isbn = {9787115441546}
}


@book{zhangke.2013,
 author = {张学武},
 year = {2013},
 title = {视觉检测技术及智能计算},
 publisher = {中国质检出版社},
 isbn = {9787121191992}
}


@book{Zhao.2012,
 author = {Zhao, Peng},
 year = {2012},
 title = {机器视觉研究与发展},
 keywords = {Computer vision;Image processing},
 address = {Beijing},
 edition = {Di yi ban},
 publisher = {{Ke xue chu ban she}},
 isbn = {9787030353238}
}
%---------------------------------------------------------------------------%
% This file was created with Citavi 6.2.0.12

@phdthesis{.,
 abstract = {当前,我国已进入高铁建设的黄金时代。轨道车辆车体表面一般由分块的构件通过拼接后焊接成形,焊接过程中会产生很大的焊接应力,存在较大焊接应力会使构件焊接部位的强度和抗疲劳强度降低。为了消除焊接应力,提高服役寿命和表面美观度,为后续工艺提供高质量的焊接表面,焊接结束后,一般需对焊缝进行磨抛处理以消除内应力和实现焊缝区域表面光滑一致。目前,绝大多数大型结构件焊缝磨抛处理都是靠人工磨抛完成的,对焊接后的焊缝采用手工磨抛处理,生产效率低、劳动强度大,对工人的技术水平要求高,加工精度一致性难以保证,还会经常磨伤基本表面。本文以焊缝磨抛处理为背景,基于移动式磨抛机器人机械本体,开发磨抛机器人的基于位置的视觉伺服控制系统。实现机器人的焊缝跟踪、焊缝特征点三维测量和机器人自动作业控制功能。本文主要研究内容如下:(1)搭建了机器人双目视觉测量系统平台,对双目摄像机立体标定,建立特征点的三维坐标视觉测量模型。为实现对机器人工具系统导航,需将特征点坐标转换到机器人坐标系中,设计了一种基于三目标点的手眼变换关系标定方法,该标定方法可以简单、快速获取机器人手眼变换关系矩阵。(2)使用滤波片和滤波算法对图像处理,消除噪点干扰,得到高质量焊缝图像。提出一种基于灰度阈值提取的方法,实现对激光线区域的提取。对提取后激光区域使用形态学运算处理,填补了激光线区域的缺陷并平滑激光线区域边界。针对激光线中心线提取问题,应用区域骨架化处理算法提取激光中心线,获得准确、平滑的中心线,同时避免了中心线间断问题。对焊缝特征点搜寻方法改进,使搜寻路径沿中心线搜寻,提高双目特征点匹配的速度。对搜寻匹配到的特征点三维坐标重构,实现机器人对焊缝的识别、跟踪、测量功能。(3)设计了机器人控制系统的结构,确定上、下位机二级分布式结构。其中PC机作为上位机,负责整个机器人系统管理、各轴运动量计算以及焊缝图像处理等。下位机由运动控制卡与图像采集卡组成,分别控制机器人的运动系统和视觉系统图像采集。这种结构能明显提高控制系统工作速度和控制性能。设计了机器人多模式控制策略,编写机器人控制软件,使软件具有工艺参数设置、手动模式、自动模式控制功能。实验研究证明机器人视觉伺服控制系统稳定性和精度较高,满足磨抛机器人样机要求,为后续磨抛工艺制定提供有力支撑。},
 author = {王永波},
 title = {机器人焊缝视觉跟踪与控制系统研究},
 keywords = {焊缝磨抛;焊缝视觉跟踪;视觉伺服控制;手眼标定;双目视觉测量},
 school = {吉林大学}
}


@article{.1992,
 abstract = {在大规模生产条件下,人们总希望能使产品质量达到100％合格,其中,最困难的任务之一就是检测问题.本文综述了美国近年来图象处理及计算机视觉检测技术在工业界的应用状况.图象处理及计算机视觉检测技术在美国工业生产和质量控制中起着愈来愈重要的作用.它具有快速、准确、无损、高效等优点,因此,它被广泛应用于电子工业、汽车工业、木材工业、纺织工业、食品加工及包装工业.在电子工业中尤为活跃,并已取得了极大的成功.},
 author = {阮秋琦},
 year = {1992},
 title = {图象处理和计算机视觉检测技术在美国},
 keywords = {计算机视觉;检测;图象处理},
 pages = {8--14},
 number = {03},
 journal = {北方交通大学学报}
}


@article{.2004,
 abstract = {介绍机器视觉技术的发展、机器视觉原理和机器视觉系统的组成部分。从基于产品特征的检查和机器人的视觉引导这两个方面,概述机器视觉技术在制造业中的应用,并探讨机器视觉技术存在的问题和解决方法,最后对机器视觉的应用前景进行了展望。},
 author = {颜发根刘建群陈新丁少华},
 year = {2004},
 title = {机器视觉及其在制造业中的应用},
 keywords = {产品特征;机器视觉;视觉引导},
 pages = {28--30},
 number = {11},
 journal = {机械制造}
}


@article{.2006,
 abstract = {针对汽车尺寸测量的应用背景,根据双目视觉原理开发了一套基于计算机视觉的汽车整车尺寸测量系统。论述了该双目视觉测量原理及传感器模型,利用图像差值法实现车身目标检测,并在此基础上利用Sobe l算法、阈值化等技术实现特征点提取。结合特征匹配与区域匹配技术实现立体匹配,并完成自动测量。试验结果表明,该系统可以实现汽车整车尺寸的自动、快速、准确测量。},
 author = {翟乃斌 and 苏建 and 刘玉梅 and 陈友谊 and 欧阳新},
 year = {2006},
 title = {基于计算机视觉的汽车整车尺寸测量系统},
 keywords = {计算机视觉;立体匹配;三维测量;整车尺寸},
 pages = {22--26},
 number = {03},
 journal = {交通与计算机}
}


@article{.2010,
 abstract = {提出了基于知识的视觉测量的观点,将传统的立体视觉看作一种基于摄像机知识的视觉测量,并对当前其他的视觉测量方式按所采用知识的不同进行了分类.分别简要介绍了基于点、线、面、统计特性等目标知识的视觉测量,讨论了基于运动知识的视觉测量和基于环境知识的视觉测量.在对视觉测量所采用知识的表达和获取进行初步探讨的基础上,给出了视觉测量的几个值得深入研究的发展方向.},
 author = {徐德 and 谭民},
 year = {2010},
 title = {基于知识的机器人视觉测量分类与进展},
 keywords = {仿人视觉;机器人;视觉测量;知识表达;知识获取},
 pages = {481-486+492},
 number = {04},
 journal = {控制与决策}
}


@article{.2010b,
 abstract = {计算机视觉技术集数字图像处理、应用数学、模式识别及人工智能等知识于一体,其应用已经涉及到计算机图形学、图像处理与分析、机器人学等领域。数字摄影测量技术是测绘学科的一个分支,数字摄影测量已经进入计算机视觉的领域。文中简要地回顾了计算机视觉技术的发展史,主要介绍了计算机视觉与数字摄影测量的共同点及其本质差异。},
 author = {张梅 and 文静华},
 year = {2010},
 title = {浅谈计算机视觉与数字摄影测量},
 keywords = {本质差异;共同点;计算机视觉;数字摄影测量},
 pages = {15-17+20},
 number = {02},
 journal = {地理空间信息}
}


@article{.2011,
 abstract = {微小型零件尺寸跨度大,手工装配效率低、一致性差,采用机器视觉进行测量存在高精度测量时视场小而作业空间范围较大的矛盾,同时由于存在零件加工表面的特性差异、尺寸偏差等因素,装配过程存在不确定性,影响装配作业.基于机器视觉,结合人工干预,建立了摄像机和精密位移平台相结合的测量系统,采用基于{\textquotedbl}任务消息{\textquotedbl}的装配控制策略,完成了软件行为层---任务层---策略层的3层架构,实现了微小型零件的自动测量和精密装配.介绍了装配系统的组成、零件的识别与定位、装配过程的实现以及实际装配的测试结果等.实验结果表明,所采用的测量系统和控制策略以及在此基础上完成的软件架构,在微小型零件测量和装配领域中具有很好的可行性.},
 author = {王晓东 and 宋洪侠 and 刘超 and 罗怡},
 year = {2011},
 title = {基于机器视觉的微小型零件测量与装配控制},
 keywords = {机器视觉;精密装配;微小型零件;自动测量},
 pages = {1117--1122},
 volume = {32},
 number = {09},
 journal = {哈尔滨工程大学学报}
}


@article{.2012,
 abstract = {利用HALCON软件提供的算子对摄像机内、外参数和机器人{\textquotedbl}手眼{\textquotedbl}系统进行标定,在此基础上结合视觉检测技术提出了一种工件在线缺陷检测的方法。该方法是根据触发时刻的空间位置来确定抓取时刻工件位置的一种空间相量平移方法,接着利用图像处理软件发出的电信号来控制机械手来完成缺陷工件的动态抓取工作。最后利用C++完成人机界面的设计,经调试可完成实时在线检测、可达到生产要求精度。},
 author = {潘武 and 张莉彦 and 徐俊成},
 year = {2012},
 title = {基于机器视觉的工件的在线检测},
 keywords = {机器视觉;识别和定位;相机标定;在线检测},
 pages = {75-78+81},
 number = {07},
 journal = {组合机床与自动化加工技术}
}


@article{.2014,
 abstract = {机器人示教是实现机器人轨迹跟踪的一种重要方法,其工作原理决定了机器人作业的效率及复杂轨迹跟踪的精度。文章在传统示教方法基础上提出了一种基于视觉跟踪的机器人复杂轨迹模拟再现方法,通过应用双目立体视觉三维测量技术跟踪并记录机器人示教手柄完成的随机的复杂的操作轨迹,对轨迹数据进行坐标转换、运动学逆解,计算机器人各关节的期望旋转角度值,并驱动机器人运动,实现示教手柄的复杂操作的复现。该方法能够实现任意操作的实时示教再现,操作简单,工作效率高,与传统的示教方法相比显著地降低了工业机器人对专业操作人员的依赖程度,广泛地拓展了机器人的应用范围,具有极其重要的应用价值。},
 author = {应再恩 and 平雪良 and 李正洋 and 蒋毅 and 陈盛龙},
 year = {2014},
 title = {基于视觉跟踪的机器人复杂轨迹模拟再现},
 keywords = {复杂轨迹;机器人;模拟再现;视觉跟踪},
 pages = {39-41+46},
 number = {01},
 journal = {机械设计与研究}
}


@article{.2015,
 abstract = {作为水产养殖集成信息化管理的主要信息源,水产动物视觉属性信息的测量不仅是判定水产动物生长状况,调控水质环境的主要信息依据,也是对水产动物进行喂养、用药、捕获、选别和分级等操作的前提基础。近年来,计算机视觉技术作为一项快速、客观、无损的检测方法,已被逐渐用于水产动物视觉属性的测量中,许多研究学者开展了大量的研究工作。该文更新和总结了国内外近20多年来有代表性的相关研究和解决方案,在描述计算机视觉检测系统的概念和组成结构的基础上,围绕尺寸测量、形状分析、颜色识别和质量估计等方面详细分析了计算机视觉技术在水产动物(以鱼类为主)视觉属性测量方面的国内外研究现状,着重阐述总结了研究人员在水产动物视觉检测的图像采集、轮廓提取、特征标定与计算等方面的具体改进措施,并对基于计算机视觉测量的水产动物疾病诊断,识别分类等综合应用现状也进行了分析探讨,以评估计算机视觉技术在水产动物视觉质量检测领域的总体应用情况和现存的主要问题,同时给出了今后的研究趋势与发展方向。},
 author = {段延娥 and 李道亮 and 李振波 and 傅泽田},
 year = {2015},
 title = {基于计算机视觉的水产动物视觉特征测量研究综述},
 keywords = {测量;计算机视觉;品质检测;视觉;水产养殖;图像处理},
 pages = {1--11},
 number = {15},
 journal = {农业工程学报}
}


@article{.2015b,
 abstract = {嫁接用苗的直径、生长点坐标、苗长等特征信息,是判断能否嫁接匹配的有效参数特征,也是迅速获取机器人嫁接位置参数的重要依据。为了提取相关蔬菜嫁接机器人的嫁接用苗特征信息(嫁接苗生长点坐标、砧木苗子叶茎截面的长短轴直径、穗木苗子叶茎截面长短轴直径、砧木苗长度及穗木苗长度等),该文提出了一种图像处理综合算法。该算法首先确定采集后图像的初步目标范围,然后进行预处理,获得单色图像,利用灰度阶跃变化选定兴趣区域,而后对图像进行中值滤波和图像增强;利用基于高斯拟合、求反和基于大津法阈值分割相结合的信息提取方法,获得生长点横坐标,结合形态学开闭处理方法及逻辑搜索运算,引入有效行连续的概念,剔出强光噪声的干扰,获得了所需的各长短轴直径图像坐标;利用标定结果和相机图像到世界坐标转换的对应关系,获得最终各项指标信息。在自行研发的嫁接机器人样机上,以葫芦类砧木苗为试验对象,经过500次试验,与传统手工实际测量值相比,该算法实测值平均误差小于0.0053 mm,直径最大误差小于0.02 mm,从而验证了该算法的可行性和有效性。该算法能在线获取嫁接苗特征信息,满足嫁接实时要求。},
 author = {张雷 and 贺虎 and 武传宇},
 year = {2015},
 title = {蔬菜嫁接机器人嫁接苗特征参数的视觉测量方法},
 keywords = {机器人;机器视觉;嫁接;蔬菜;算法;特征参数;图像处理},
 pages = {32--38},
 number = {09},
 journal = {农业工程学报}
}


@article{.2016,
 abstract = {利用镜面成像技术获取被测物体或场景的三维信息得到研究者越来越多的关注。光线与平面镜或曲面镜交互时产生镜面成像。平面镜的反射属性可以改善视觉效果,基于光路射线展开过程可应用于不同的平面镜成像系统,采用光路展开替代镜面交互应用于三维场景,得到虚拟三维空间,平面镜成像使得复杂的射线交互可以用一种虚拟的方式可视化,且坐标系统的变化容易跟踪。曲面镜成像通常不具有透视投影属性,根据曲面的曲率来改变空间显示。曲面镜常常导致折反射,故针对不同的三维立体视觉测量及重构需设计相应的几何恢复算法。从计算机图形学和计算机视觉的角度,分析了镜面成像的基本原理,对近年来较典型的基于镜面成像技术的三维测量与重构方法及最新研究进展进行综述。},
 author = {郭伟青 and 汤一平 and 鲁少辉 and 陈麒},
 year = {2016},
 title = {基于镜面成像技术的三维立体视觉测量与重构综述},
 keywords = {镜面成像;立体视觉;三维测量;三维重构},
 pages = {1-10+22},
 number = {09},
 journal = {计算机科学}
}


@article{.2016b,
 abstract = {针对火箭炮定向管平行度测量过程中信息化、自动化水平低、测量精度和效率不高等问题,融合计算机技术、光电成像技术、图像处理以及高精度测量等方法,通过图像采集、相机标定、图像处理、平行度计算、误差分析等环节实现了火箭炮定向管平行度的自动高精度测量.提出了基于铅垂校正的异面图像坐标统一方法,解决了火箭炮定向管平行度测量中两端面图像坐标统一的问题,提出了一整套多管火箭炮定向管圆心参数图像处理技术,实现了多管火箭炮定向管圆心参数的快速准确提取.},
 author = {关贞珍 and 尹玉军 and 曹进华 and 尹晓春},
 year = {2016},
 title = {基于机器视觉的火箭炮定向管平行度测量技术研究},
 keywords = {定向管;火箭炮;计算机视觉;图像处理},
 pages = {53--58},
 volume = {28},
 number = {05},
 journal = {军械工程学院学报}
}


@article{.2016c,
 abstract = {简要概述数字摄影测量与计算机视觉的定义、应用、发展,分析二者的区别与联系,最后基于计算机视觉探讨数字摄影测量今后的发展趋势。},
 author = {马鹏刚 and 胡炳方 and 韩华 and 林璐},
 year = {2016},
 title = {数字摄影测量与计算机视觉概述},
 keywords = {计算机视角;数字摄影测量;影像匹配},
 pages = {21--23},
 volume = {32},
 number = {02},
 journal = {测绘标准化}
}


@article{.2016d,
 abstract = {随着大数据时代的到来,含更多隐含层的深度卷积神经网络(Convolutional neural networks,CNNs)具有更复杂的网络结构,与传统机器学习方法相比具有更强大的特征学习和特征表达能力。使用深度学习算法训练的卷积神经网络模型自提出以来在计算机视觉领域的多个大规模识别任务上取得了令人瞩目的成绩。本文首先简要介绍深度学习和卷积神经网络的兴起与发展,概述卷积神经网络的基本模型结构、卷积特征提取和池化操作。然后综述了基于深度学习的卷积神经网络模型在图像分类、物体检测、姿态估计、图像分割和人脸识别等多个计算机视觉应用领域中的研究现状和发展趋势,主要从典型的网络结构的构建、训练方法和性能表现3个方面进行介绍。最后对目前研究中存在的一些问题进行简要的总结和讨论,并展望未来发展的新方向。},
 author = {卢宏涛 and 张秦川},
 year = {2016},
 title = {深度卷积神经网络在计算机视觉中的应用研究综述},
 keywords = {计算机视觉;卷积神经网络;目标检测;深度学习;图像识别},
 pages = {1--17},
 volume = {31},
 number = {01},
 journal = {数据采集与处理}
}


@article{.2017,
 abstract = {为了提高沉头孔垂直度检测精度,实现检测过程自动化,提出一种基于视觉测量的沉头孔垂直度检测方法.该方法通过建立沉头孔平行投影数学计算模型,将三维空间测量问题转换为二维平面测量问题.为减小视觉测量过程中因透视投影产生的计算误差,应用透视几何原理修正计算模型,通过牛顿法求解该模型,分析模型计算精度与窝深、物距之间的关系.最后进行了机器人自动化制孔与视觉测量实验,结果表明,采用该方法所得沉头孔垂直度的平均视觉测量误差约为0.03°.},
 author = {毕运波 and 徐超 and 樊新田 and 严伟苗},
 year = {2017},
 title = {基于视觉测量的沉头孔垂直度检测方法},
 keywords = {沉头孔;垂直度;视觉测量;透视投影},
 pages = {312--318},
 number = {02},
 journal = {浙江大学学报(工学版)}
}


@article{.2017b,
 abstract = {为了克服农作物生长大面积遥感监测精度较低的缺陷,实现作物生长态势的自动化监测,提出了一种基于计算机视觉的自主导航作物生长监测车辆,从而有效地提高了作物生长监测的精度和自动化程度。该型自动化车辆通过导航标定线在田间对作物的生长状况进行实时跟踪监测,采用CCD数字摄像头对作物的生长状况进行图像采集,使用PC机对图像进行处理,并将图像利用通信技术传输到远程监控端,并根据图像特征数据建立了作物长势的监测和预测模型。为了验证其可行性,对作物的长势进行了实地测试,通过对叶面指数和作物生物量预测模型的测试表明:数据模型的实测值和理论值基本吻合,利用该方法可以建立多种作物的长势监测和预测模型,具有推广价值。},
 author = {罗元成 and 汪应},
 year = {2017},
 title = {基于计算机视觉的棉花生长监测自主导航车辆研究},
 keywords = {PC机;计算机视觉;棉花;长势监测;自主导航},
 pages = {205--209},
 volume = {39},
 number = {12},
 journal = {农机化研究}
}


@article{.2017c,
 abstract = {玉米植株高度的检测对于玉米生长期间的营养调控有着非常重要的意义,玉米植株高度也是玉米种植密度的重要参数,更是玉米产量的影响因素之一。大范围地种植玉米,在玉米植株长势的整体控制上就会存在空白区,而引用计算机视觉技术可以全面、快速地检测玉米植株高度,提高检测数据的正确率,减轻测量工作需要的劳动强度和缩短测量时间。为此,基于计算机视觉技术来检测玉米植株高度,利用事先安装在田间的带有红外照明的摄像头采集白天和夜晚的玉米植株图像,通过图像分割、边缘轮廓计算、图像增强等方法处理图像后,测得玉米植株白天和夜晚两个时间段的高度,分析出植株的生长情况,控制其长势。研究结果表明:相较于人眼粗略的判断或是人工采用直尺测量,利用计算机视觉技术来测量玉米植株高度,可以大范围测量,且测量的速度快、测量结果误差小,最大程度地降低了人工的投入。},
 author = {阙玲丽},
 year = {2017},
 title = {基于计算机视觉技术的玉米植株高度检测的研究},
 keywords = {计算机视觉;图像处理;图像识别;玉米植株高度;长势监测},
 pages = {219--223},
 volume = {39},
 number = {12},
 journal = {农机化研究}
}


@article{.2017d,
 abstract = {精准施药机器人是在及时获取作物病害信息的基础上,对病害部位进行准确的定量衡量,并根据其差异性采取变量施药,实现按需施药。精准施药机器人关键技术包括有针对性的作物病害识别技术、精准施药技术及自主行走技术,自主行走是基础,病害检测和精准施药是核心。根据目前的研究进展,综合阐述了精准施药机器人的技术分类及应用,总结了现有技术的局限性及重点需要解决的问题,并提出了未来精准施药机器人的发展方向。},
 author = {刁智华 and 刁春迎 and 魏玉泉 and 毋媛媛 and 钱晓亮 and 刘玉翠},
 year = {2017},
 title = {精准施药机器人关键技术研究进展},
 keywords = {病害识别;机器人;精准施药;图像处理},
 pages = {1--6},
 volume = {39},
 number = {11},
 journal = {农机化研究}
}


@article{.2017e,
 abstract = {针对目前芒果的外观品质分级采取人工方法所存在的不足,基于机器视觉、并联机器人等先进技术,构建了用于芒果品质动态、实时检测及分选的高速机器人系统,设计了芒果分拣的计算机视觉硬件系统,开发了高速分拣计算机视觉软件系统。工作时,芒果输送带将芒果按机器人动作节拍输送至图像采集区域由工业相机采集图像,识别系统对图像信息进行特征提取,建立图像特征与国家标准中的三级芒果的对应关系,将具有相应图像特征的芒果其所处位置信息及其级别对应的位置信息,通过单片机控制系统输送给高速分选机器人,从而完成芒果的高速分选。测试结果表明:高速分拣机器人系统可以高速、准确地完成芒果的分选工作。},
 author = {白东升 and 李康},
 year = {2017},
 title = {基于计算机视觉的高速机器人芒果分选系统设计},
 keywords = {高速机器人;计算机视觉;芒果;水果分选},
 pages = {231--233},
 volume = {39},
 number = {08},
 journal = {农机化研究}
}


@article{.2018,
 abstract = {机器视觉是人工智能的主要信息入口,获取清晰的图像是机器视觉的基础,对人工智能的性能影响巨大。本文从成像物理原因出发,介绍了图像模糊过程的数学模型,进而利用概率论和最优化理论,总结了传统图像去模糊的{\textquotedbl}盲复原{\textquotedbl}和{\textquotedbl}非盲复原{\textquotedbl}方法。最后,本文概述了利用神经网络解决图像去模糊问题的新兴技术,指出了其发展方向。},
 author = {陈晨},
 year = {2018},
 title = {为人工智能擦亮双眼------浅论图像去模糊技术},
 keywords = {人工智能;图像去模糊;最优化方法},
 pages = {282--283},
 number = {11},
 journal = {通讯世界}
}


@article{.2018b,
 abstract = {随着我国综合实力的不断提升,各类计算机技术在我国实现的快速的发展。不可否认,以计算机技术为核心的高端技术在我国国民经济建设的过程之中发挥着关键的作用和价值,同时在人们生活实践的过程之中,计算机也扮演着重要的角色,计算机的出现在提高人们生活质量和生活水平的同时,为实现我国生产资源的优化配置和利用营造了良好的外部环境。对此,本文与计算机视觉为切入点,具体分析这一技术的未来发展前景以及趋势。},
 author = {徐鑫},
 year = {2018},
 title = {探究计算机视觉发展前景及趋势},
 keywords = {发展前景;计算机视觉;趋势研究},
 pages = {26},
 number = {12},
 journal = {电脑迷}
}


@article{.2018c,
 abstract = {自第一台计算机在宾夕法尼亚大学诞生以来,计算机科学的发展改变着人们的生产和生活场景。而人工智能技术,则代表着计算机科学最前沿的发展方向。人工智能经历了几十年的发展,从孕育到衰退到再度飞跃,凝结了几代学者的智慧和汗水。本文从计算机视觉、机器学习、自然语言处理这三项技术出发,阐述了人工智能的主要技术方向和发展历程,并以智能机器人为应用场景,分析了人工智能技术的主要应用价值以及未来前景。},
 author = {武子睿},
 year = {2018},
 title = {浅析人工智能主要技术方向以及在智能机器人上的应用},
 keywords = {机器学习;计算机视觉;人工智能;自然语言处理},
 pages = {36--38},
 number = {20},
 journal = {电子制作}
}


@article{.2018d,
 abstract = {伴随着科学技术的不断发展进步,我们也一步步的迈入了现代化社会的发展。手机、电脑、智能电视、机器人、智能家居等等一系列高科技产品层出不穷的呈现在我们眼前。而面对这些高科技产品在我们生活中、工作中发挥着越来越重要的作用,我们不禁会对这些高技术产品的产生兴趣。而首先出现在我们脑海中的就是机器视觉和人工智能这两个在现代科技社会中不得不提到的两个关键词。而机器视觉和人工智能也是最近讨论研究颇多的热门话题。而本文主要是通过对机器视觉和人工智能发展内容的概括,阐释机器视觉和人工智能在现代化社会中的应用和发展。},
 author = {徐勤丰},
 year = {2018},
 title = {浅谈机器视觉和人工智能的现代化发展},
 keywords = {机器视觉;人工智能;现代化发展},
 pages = {234--235},
 number = {09},
 journal = {通讯世界}
}


@article{.2018e,
 abstract = {计算机视觉是人工智能的重要发展方向,能够极大地改善人与世界的交互方式。计算机视觉基本要素包括数据、算法模型和运算力,核心技术涉及图像分类、对象检测、目标跟踪、语义分割和实例分割。计算机视觉算法技术层壁垒高,硬件层资本密集、巨头众多,应用层市场较为分散,我国中上游技术水平有待提升,技术融合创新、新型算法研发及成本的降低、GPU芯片技术及产业化等仍面临严峻挑战。此外,前端智能化、前后端协同计算和软硬件一体化成为明显发展趋势,数据和应用场景将成为企业布局的关键点,深度学习和卷积神经网络将推动计算机视觉持续优化升级。未来,我国应从强化产业链协同发展、大力开展技术攻关、支持挖掘未来场景应用等方面打造本土计算机视觉产业集群,提升产业国际竞争实力。},
 author = {黄伟},
 year = {2018},
 title = {计算机视觉技术及产业化应用态势分析},
 keywords = {计算机视觉;前端智能化;人工智能;深度学习},
 pages = {59--62},
 number = {09},
 journal = {信息通信技术与政策}
}


@article{.2018f,
 abstract = {为了进一步探索机器视觉技术在未来的发展方向以及工业应用方向,在本文当中对相关问题进行了研究与分析,首先从光源技术、摄像机、信号处理以及执行机构四个方面阐述了现阶段机器视觉技术的具体发展方向,并从机器视觉技术在自动检测以及自动装配两个方面阐述了机器视觉技术现阶段在工业应用中的进一步发展。},
 author = {王飞},
 year = {2018},
 title = {机器视觉技术发展及其工业应用},
 keywords = {发展;工业应用;机器视觉},
 pages = {246},
 number = {16},
 journal = {电子技术与软件工程}
}


@article{.2018g,
 abstract = {{\textless}正{\textgreater}近年来,人工智能已迈出机房,步入主流行业。BCG和《MIT斯隆管理评论》所进行的研究表明,人工智能将在未来五年内对所有行业产生重大影响。进一步研究发现,超过70{\%}的高管希望人工智能在其公司中发挥重要作用。今天的人工智能算法能够支持非常精确的机器视觉、听觉和语音,并可以访问全球信息库。由于深度学习和其它先进的人工智能技术的发展、惊人的},
 year = {2018},
 title = {企业如何发挥人工智能的作用},
 keywords = {机器视觉;人工智能},
 pages = {106--120},
 number = {04},
 journal = {机器人产业}
}


@article{.2018h,
 abstract = {{\textless}正{\textgreater}2018年4月7日至6月9日,张学友在南昌、赣州、嘉兴、金华举办了4场巡回演唱会,警方在前三场演唱会现场各抓获了一名在逃犯人,在金华演唱会上更有两名逃犯落网。{\textquotedbl}歌神{\textquotedbl}张学友也成了{\textquotedbl}逃犯克星{\textquotedbl}。这一切是怎么发生的呢?原来,在演唱会的安检门,公安部门设置的摄像头可以逐一捕捉到进入演唱会人员的人脸图像。之后通过和后端数据库进行人},
 author = {轩中},
 year = {2018},
 title = {中国在计算机视觉领域的人工智能公司},
 keywords = {机器视觉;计算机视觉;人工智能},
 pages = {46--48},
 number = {14},
 journal = {互联网周刊}
}


@article{.2018i,
 abstract = {随着社会的发展,人工智能技术也取得重要成就,人们对人工智能概念的理解也逐渐深入。本文首先对概念的内涵与外延进行研究,阐述概念的内涵与外延关系。然后在李德毅院士对人工智能概念内涵与外延解释的基础上,对人工智能概念的内涵与外延进行研究,提出了人工智能概念内涵的核心本质和基础本质以及人工智能概念外延的范畴。},
 author = {刘克松 and 程广明 and 李尧},
 year = {2018},
 title = {人工智能概念内涵与外延研究},
 keywords = {机器学习;计算机视觉;内涵与外延;人工智能},
 pages = {140--141},
 volume = {20},
 number = {14},
 journal = {中国新通信}
}


@article{.2018j,
 abstract = {随着机器视觉技术的迅速发展,计算机视觉技术的快速、精确、智能等特性在现代工业的各个领域已逐渐被广泛应用,尤其是在汽车制造业。机器视觉在工业领域的三大主要应用是视觉测量、视觉引导和视觉检测。视觉测量技术通过测量产品关键尺寸、表面质量、装配效果等,可以确保出厂产品合格;视觉引导技术通过引导机器完成自动化搬运、最佳匹配装配、精确制孔等,可以显著提升制造效率和车身装配质量;视觉检测技术可以监控车身制造工艺的稳定性,同时也可以用于保证产品的完整性和可追溯性,有利于降低制造成本。可以预见,随着相机、镜头、计算机等核心硬件性能的提升,以及图像处理、深度学习等软件技术的发展,视觉技术未来在各个领域的作用将更加凸显,发展空间也更加广阔。},
 author = {尹仕斌 and 任永杰 and 刘涛 and 郭思阳 and 赵进 and 邾继贵},
 year = {2018},
 title = {机器视觉技术在现代汽车制造中的应用综述},
 keywords = {机器视觉;汽车制造;视觉测量;视觉检测;视觉引导},
 pages = {11--22},
 volume = {38},
 number = {08},
 journal = {光学学报}
}


@article{.2018k,
 abstract = {传统的自动化生产与产品形态关联紧密,产品升级后,许多自动化设备无法复用,导致自动化的优势无法得到长效发挥。该文探讨一种将机器视觉、人工智能和自动化技术相结合的应用模式,通过机器视觉技术感知现实世界,并将获取到的信息用于机器人的运动决策中,实现无人干预的人机交互原型,智能机器人的人机交互探索是一种可行的技术路径。},
 author = {郑季炜},
 year = {2018},
 title = {基于机器视觉的智能人机交互技术研究},
 keywords = {机器人;机器视觉;人工交互},
 pages = {24--26},
 number = {01},
 journal = {海峡科学}
}


@phdthesis{.b,
 abstract = {本文以实现``总体遥控,局部自动''控制策略的水下自动化焊接为主旨,研究了一套由水下双目立体视觉子系统、机器人子系统以及水下焊接子系统组成的水下焊接机器人视觉伺服跟踪焊缝系统。在基于视觉技术的水下焊接机器人跟踪焊缝过程中,水下焊接技术、水下图像处理、立体匹配、立体视觉三维重建、水下摄像机标定、手眼标定、焊接机器人轨迹规划及其水下跟踪控制技术等问题一直是水下视觉焊接机器人发展的瓶颈,相比于陆上,这些关键技术处理更加困难。本文针对水下视觉焊接机器人关键技术研究了以下内容:(1)根据系统性能要求及水下工程设备焊接检修特点,设计了系统总体硬件结构方案,选择了堆焊方式修补;并对整个系统涉及重要基础理论进行了讨论,为后续关键技术研究提供技术支持。(2)研制了水下云台视觉试验平台和水下机器人双目视觉系统。课题研制了带水下云台的双目视觉试验平台,开发了用于水下焊接机器人的双目视觉系统。在硬件方面对水下双目立体视觉系统零件进行设计、计算选型,设计了安装机械结构和防水密封结构;在软件方面,进行了相关图象处理程序的开发和应用,针对水下焊接图像噪声污染严重,选择了均值滤波器预处理。针对水下摄像机标定技术,提出了改变焦距补偿方法,采用了先畸变校正,后标定的策略,利用了张氏标定法对摄像机标定。最后利用标定结果测量实际空间曲线,验证了算法的正确性、可行性和有效性。(3)针对以摄像机光心为原点的实际坐标系相对理想坐标系发生偏转移,以及光心无法定位,导致无法对双目测量结果具体验证的问题,提出了基于最小二乘法的坐标系校准方法,并创新设计研制了检测平台,具体实验验证了坐标系校准方法的准确性及双目视觉系统测量精确性、重复稳定性。(4)根据传统D-H法建立机器人运动学模型过程存在的不足,提出了基于旋量理论的串联式机器人逆运动学模型,并运用希尔维斯特(Sylvester)结式法对其求解得到全部的解。(5)针对水下焊接机器人作为不确定性、时变性、耦合性、高度非线性系统,无法建立其精确的动力学模型,作为理论研究,提出了基于模型补偿的自抗扰控制方法;并且为了提高控制器最佳跟踪控制动、静态性能,提出了自抗扰滑模复合控制技术。(6)基于系统水下焊接需要,设计了一种局部干式法排水罩机构,其结构设计主要采用了内外``双环''形式,使排水罩排干水同时并保证了焊接起弧燃烧的稳定性,其创新设计并获得了发明专利。(7)完成关键技术研究基础上,搭建了焊接机器人水下空间手眼协调跟踪系统试验...},
 author = {李盛前},
 title = {基于视觉技术的水下焊接机器人系统研究},
 keywords = {焊缝跟踪;机器人;立体视觉;水下焊接;自抗扰滑模控制},
 school = {华南理工大学}
}


@phdthesis{.c,
 abstract = {近年来,随着我国汽车保有量的不断增加,人们在享受机动车辆带来便利的同时,交通事故和道路设施的早期损坏等问题也频频发生。汽车的综合性能检测成为了维持良好的车辆生产和道路交通秩序、确保道路设施的完好和公路交通安全的有效手段,汽车车身尺寸检测是汽车综合性能检测的重要内容。传统的测量方法多为人工测量,测量误差大、效率低;自动化测量普遍采用红外光幕组合激光雷达测量法和采用激光雷达组合计算机视觉测量法,红外光幕组合激光雷达测量法,采样的频率受现有产品的限制,测宽时需要在地面安装红外光幕接收器,不利于维护且难于达到较高的测量精度,综合测量误差{\textless}2.5{\%};激光雷达组合计算机视觉测量法,这种测量方法的硬件成本有所降低,但测量的采样率一样难于提高且占用场地较大,综合测量误差{\textless}2{\%}。本文研发的车辆外廓尺寸在线测量仪基于先进的计算机视觉检测技术,集光学、电子、计算机等高技术于一体,在攻克一系列核心技术的基础上,开发了一套全自动、可视化、网络化的外廓尺寸测量系统。根据机器视觉检测原理建立车辆的外轮廓尺寸在线检测系统模型,研究待测车辆车身序列图像拼接算法、模板匹配算法及目标区域标记算法;详细设计了相机驱动电路,激光光幕驱动电路,FPGA数据采集电路,解决了长、宽、高测量模块间的数据同步;同时建立了车辆信息管理数据库,存储测量的外廓尺寸信息,并以图片的形式保存车辆外廓投影图和测量过程监控图,实现了测量数据科学、高效的管理。在系统研制过程中,我们解决了图像拼接、图像融合,摄像机高速同步采集,目标区域标记算法,摄像机标定,误差来源及补偿等技术难点。最终结合机器视觉与激光光幕技术开发出一套简单化、低成本、高性能具有自主知识产权的车辆外轮廓尺寸智能在线测量系统,实现在不影响车辆正常行驶状态下,完成车辆外廓长度、宽度、高度等特征参数的高精度、实时快速测量,车辆外廓尺寸在线测量仪已经过四川省质量技术监督局计量处计量认证,是目前国内唯一一家测量精度最高的车辆外廓尺寸测量系统,且应用于河南安阳、郑州、洛阳等地检测站,运行结果良好。},
 author = {梁春疆},
 title = {基于机器视觉原理的车辆外廓尺寸在线测量系统},
 keywords = {车辆外廓;计算机视觉;图像标记;图像拼接、融合;系统标定},
 school = {天津大学},
 type = {硕士}
}


@phdthesis{.d,
 abstract = {工业界对提高焊接质量和效率有着强烈的需求,因此机器人焊接技术在制造业中应用越来越广泛。然而对于复杂轨迹的焊缝,被广泛应用的示教再现机器人存在编程繁琐、效率低以及示教精度主要取决于操作者的经验等问题。而离线编程由于缺乏对实际环境的检测,难以描述真实的三维空间而使焊接精度不理想。针对上述问题,本文对双目视觉机器人焊缝识别及轨迹规划展开研究,有助于提高机器人焊接精度及自动化水平。本文设计的机器人焊接系统包括线结构光为辅助标识的双目立体视觉平台、图像采集卡、6轴焊接机器人、工控机、焊机、焊枪和MCU通信模块。建立了基于双目立体视觉的焊接机器人系统模型,通过摄像机标定、图像畸变校正、双目立体视觉标定、手眼标定、系统测量实现和机器人TCP标定等步骤,实现了目标点的测量和焊接机器人焊枪的定位。本文开发了一种V型坡口曲线焊缝识别算法。首先,基于高斯图像金字塔、FFT和积分图原理,改进了NCC模板匹配算法,使其能快速找到最大相关匹配位置。然后,设计了一种两类几何分类器,以NCC系数、基准图像与模板图像的熵值绝对差值为特征来判别是否存在V型坡口曲线焊缝。本文提出了一种基于双目视觉的机器人自主轨迹规划算法。以最大相关匹配位置作为大致的焊缝初始位置,引导线结构光到该位置;提取线结构光在焊缝上形成的三个拐点;以弦线方向扫描焊缝,通过数据处理得到平滑的焊缝轨迹;建立焊缝动坐标系,使焊枪位姿与该坐标系逐点重合,实现了机器人轨迹规划。本文开发了基于双目视觉的机器人焊缝识别及轨迹规划的系统软件,并进行焊缝跟踪试验及焊接精度分析。本文研发的双目视觉机器人焊缝识别及轨迹规划算法可有效地用于曲线焊缝的识别和跟踪焊接,获得的曲线焊缝熔宽中心相对于坡口中心平均误差为0.5mm,满足曲线焊缝机器人焊接的要求。},
 author = {陈熙引},
 title = {基于双目视觉的机器人焊缝识别及轨迹规划研究},
 keywords = {V型坡口;焊缝识别;机器人;双目立体视觉;线结构光},
 school = {华南理工大学}
}


@phdthesis{.e,
 abstract = {羊体体征数据是牧场养羊业关注的主要参数之一，也是在种羊选育和饲养管理等环节重点关注的一个指标，特别是在种羊科研育种站，体重、体高、体长、臀宽等体征数据都是选种的重要依据指标。在科学养殖方面，为每一头羊都建立相应的信息数据库，能给牧场养殖提供一个真实准确的预测，从而指导科学饲养，使产业经济最大化。但是当前国内牧场对羊体体征检测的技术已经跟现今机械化的时代严重不符，大多还是人工操作半圆仪、卡尺、皮尺等器械进行手工测量，测量后的数据依靠工人进行记录和处理，其工作量非常大。针对现有牧场人工测量的局限性及现代化牧场发展的需求，本文提出了一种基于机器视觉的羊体体征的非接触式测量构建方法。

结合牧场的养殖现状，本研究采取在便携式嵌入式Linux操作系统平台上，通过两个广角摄像头组成的图像采集系统对羊体的整体俯视图像和侧面图像进行采集，继而调用实时的计算机视觉库OpenCV对采集到的羊体彩色图像进行图像预处理，经由背景差分、图像去噪、图像二值化、轮廓检测与提取后获得羊体轮廓图像，再对轮廓图像进行体尺特征点的检测与坐标提取，最后利用体尺计算公式计算得出羊体的体高、体长、臀宽等体征数据。由于本研究是基于现实需求的应用开发，因此本系统在本地主控制器BB-Black的Ubuntu平台上，开发了基于多线程的服务器应用程序，服务器程序由基于机器视觉的羊体体征测量算法、基于Qt的人机交互界面程序、Linux下的TCP/IP网络通信及串口通信程序、基于微处理器STM32的电子称处理模块的驱动程序等组成，并开发了基于本地服务器的Android手机客户端和远程数据监测平台，以实现远程访问和控制。实现了基于多传感器的采集系统、本地主控制器、远程数据中心和移动终端的一体化工程应用研究开发。

本系统是在嵌入式Linux实时操作系统的平台上，结合射频识别技术（RFID）、无线网络通信技术（GPRS/3G）和数字图像处理技术（OpenCV），实现对大型牧场羊体体重、体高、体长、臀宽等生长数据的非接触式测量和远程监控。经实验验证表明：该系统运行稳定，数据传输可靠，此测量算法虽有一定的误差，但平均相对误差不超过5{\%}，因此本系统的应用前景和实际使用价值非常高。},
 author = {张温},
 title = {基于机器视觉的牲畜体征测量系统的研究},
 keywords = {机器视觉;嵌入式系统;特征点提取;体征测量;图像处理},
 school = {内蒙古科技大学},
 type = {硕士}
}


@phdthesis{.f,
 abstract = {本文从机器视觉在工业上的应用出发，分别研究了工件在静止状态下的分拣定位和在运动条件下的分类识别实验，最终完成了静态分拣系统和动态分类系统的软件系统开发，为工业自动化生产检测识别流水线提供了帮助，也为将机器视觉的应用进一步的提升。在实现这一目的的过程中，主要进行了以下研究：

根据机器视觉的工件原理，进行了系统的总体布局设计，完成了识别系统工作台的搭建。针对系统的特点，利用HALCON软件提供的算子对摄像机内、外参数和机器人``手眼''系统进行了标定，标定算法简单可行，精度较高。为了达到工件静态分拣识别要求进行了基于工件特征的神经网络分类算法的研究，最终确定了MLP的分类算法，完成了实验界面的设计和识别系统的调试。基于工件静态分拣识别进行了动态工件的检测定位和分类定位的研究，该方法是根据触发时刻的空间位置来确定抓取时刻工件位置的一种空间向量平移方法，接着利用图像处理软件发出的指令来控制机械手完成工件的分类工作。

该系统是基于HALCON图像处理算子，以C++开发平台完成的一种工件动态识别系统，经调试其识别和定位的准确率较高，可达到实际生产要求。},
 author = {潘武},
 title = {基于机器视觉的工件的识别和定位},
 keywords = {工件检测;机器视觉;识别分类;系统标定},
 school = {北京化工大学},
 type = {硕士}
}


@misc{.g,
 author = {黄乐平中金公司董事总经理电子及技术硬件行业首席分析师},
 title = {未来竞争将聚焦在人工智能和芯片领域}
}






%---------------------------------------------------------------------------%
@book{wikibook2014latex,
    title={http://en.wikibooks.org/wiki/LaTeX},
    author={Wikibook},
    year={2014},
    publisher={On-line Resources}
}
@book{lamport1986document,
    title={Document Preparation System},
    author={Lamport, Leslie},
    year={1986},
    publisher={Addison-Wesley Reading, MA}
}
@article{chen2005zhulu,
    title={著录文后参考文献的规则及注意事项},
    author={陈浩元},
    key={Chen Hao Yuan},
    journal={编辑学报},
    volume={17},
    number={6},
    pages={413--415},
    year={2005}
}
@book{chu2004tushu,
    title={图书馆数字参考咨询服务研究},
    author={初景利},
    key={Chu Jing Li},
    year={2004},
    address={北京},
    publisher={北京图书馆出版社}
}
@article{stamerjohanns2009mathml,
    title={{MathML}-aware article conversion from {LaTeX}},
    author={Stamerjohanns, Heinrich and Ginev, Deyan and David, Catalin and Misev, Dimitar and Zamdzhiev, Vladimir and Kohlhase, Michael},
    journal={Towards a Digital Mathematics Library},
    volume={16},
    number={2},
    pages={109--120},
    year={2009},
    publisher={Masaryk University Press}
}
@book{hls2012jinji,
    author       = {哈里森·沃尔德伦},
    key          = {Haliseng Woerdelun},
    translator   = {谢远涛},
    title        = {经济数学与金融数学},
    address      = {北京},
    publisher    = {中国人民大学出版社},
    year         = {2012},
    pages        = {235--236},
}
@proceedings{niu2013zonghe,
    editor       = {牛志明 and 斯温兰德 and 雷光春},
    key          = {Niu Zhi Ming Siwenlande Lei Guang Chun},
    title        = {综合湿地管理国际研讨会论文集},
    address      = {北京},
    publisher    = {海洋出版社},
    year         = {2013},
}
@incollection{chen1980zhongguo,
    author       = {陈晋镳 and 张惠民 and 朱士兴 and 赵震 and
        王振刚},
    key          = {Chen Jing Ao Zhang Hui Ming Zhu Shi Xing Zhao Zhen Wang Zhen Gang},
    title        = {蓟县震旦亚界研究},
    editor       = {中国地质科学院天津地质矿产研究所},
    booktitle    = {中国震旦亚界},
    address      = {天津},
    publisher    = {天津科学技术出版社},
    year         = {1980},
    pages        = {56--114},
}
@article{yuan2012lana,
    author       = {袁训来 and 陈哲 and 肖书海},
    key          = {Yuan xun lai Chen zhe Xiao shu Hai},
    title        = {蓝田生物群: 一个认识多细胞生物起源和早期演化的新窗口 -- 篇一},
    journal      = {科学通报},
    year         = {2012},
    volume       = {57},
    number       = {34},
    pages        = {3219},
}
@article{yuan2012lanb,
    author       = {袁训来 and 陈哲 and 肖书海},
    key          = {Yuan xun lai Chen zhe Xiao shu Hai},
    title        = {蓝田生物群: 一个认识多细胞生物起源和早期演化的新窗口 -- 篇二},
    journal      = {科学通报},
    year         = {2012},
    volume       = {57},
    number       = {34},
    pages        = {3219},
}
@article{yuan2012lanc,
    author       = {袁训来 and 陈哲 and 肖书海},
    key          = {Yuan xun lai Chen zhe Xiao shu Hai},
    title        = {蓝田生物群: 一个认识多细胞生物起源和早期演化的新窗口 -- 篇三},
    journal      = {科学通报},
    year         = {2012},
    volume       = {57},
    number       = {34},
    pages        = {3219},
}
@article{walls2013drought,
    author       = {Walls, Susan C. and Barichivich, William J. and Brown, Mary
        E.},
    title        = {Drought, deluge and declines: the impact of precipitation
        extremes on amphibians in a changing climate},
    journal      = {Biology},
    year         = {2013},
    volume       = {2},
    number       = {1},
    pages        = {399--418},
    urldate      = {2013-11-04},
    url          = {http://www.mdpi.com/2079-7737/2/1/399},
    doi          = {10.3390/biology2010399},
}
@article{Bohan1928,
    author = { ボハン, デ},
    title = { 過去及び現在に於ける英国と会 },
    journal = { 日本時報 },
    year = { 1928 },
    volume = { 17 },
    pages = { 5-9 },
    edition = { 9 },
    hyphenation = { japanese },
    language = { japanese }
}

@article{Dubrovin1906,
    author = { Дубровин, А. И },
    title = { Открытое письмо Председателя Главного Совета Союза Русского Народа Санкт-Петербургскому Антонию, Первенствующему члену Священного Синода },
    journal = { Вече },
    year = { 1906 },
    volume = {  },
    edition = { 97 },
    month = { 7 дек. 1906 },
    pages = { 1-3 },
    hyphenation = { russian },
    language = { russian }
}
%---------------------------------------------------------------------------%
