
@article{ ISI:000443834700008,
Author = {Das, Swagato and Saha, Purnachandra},
Title = {{A review of some advanced sensors used for health diagnosis of civil
   engineering structures}},
Journal = {{MEASUREMENT}},
Year = {{2018}},
Volume = {{129}},
Pages = {{68-90}},
Month = {{DEC}},
Abstract = {{The developments in structural health monitoring techniques have led to
   the invention of various sensors that can be effective damage indicator.
   Due to environmental or electromagnetic effects and need for constant
   energy source, the traditional sensors are unable to provide accurate
   and continuous measurements. In light of these events, new and improved
   sensors have been developed, along with wireless technology, to assist
   the monitoring process. With the need of detecting more than one damage
   parameters, multiplexed sensors have been the main interest of
   researchers. This paper deals with the different sensors used for
   determination of strain, acceleration and corrosion. A brief comparative
   study has been performed and presented in the following review paper.
   Multiplexed Fiber optics sensor have proved quite effective for SHM and
   proved to be a good competitor with other sensors. Optimum Sensor
   Placement technique developed for low level damage diagnosis is Iterated
   Improved Reduced System (IIRS) Method.}},
Publisher = {{ELSEVIER SCI LTD}},
Address = {{THE BOULEVARD, LANGFORD LANE, KIDLINGTON, OXFORD OX5 1GB, OXON, ENGLAND}},
Type = {{Review}},
Language = {{English}},
Affiliation = {{Das, S (Reprint Author), KIIT, Sch Civil Engn, Bhubaneswar, Odisha, India.
   Das, Swagato; Saha, Purnachandra, KIIT, Sch Civil Engn, Bhubaneswar, Odisha, India.}},
DOI = {{10.1016/j.measurement.2018.07.008}},
ISSN = {{0263-2241}},
EISSN = {{1873-412X}},
Keywords = {{Non-contact sensor; Strain sensors; Dynamic monitoring; Accelerometers;
   Corrosion sensors; Multiplexed sensor; MEMS; Fiber optic sensors;
   Optimal sensor placement}},
Keywords-Plus = {{BRAGG GRATING SENSORS; FIBER-OPTIC SENSORS; CONCRETE SHM APPLICATIONS;
   EARLY CORROSION DETECTION; CABLE-STAYED BRIDGE; OF-THE-ART;
   REINFORCED-CONCRETE; MONITORING-SYSTEM; STRAIN SENSORS; SENSING SYSTEM}},
Research-Areas = {{Engineering; Instruments \& Instrumentation}},
Web-of-Science-Categories  = {{Engineering, Multidisciplinary; Instruments \& Instrumentation}},
Author-Email = {{swagatodas83@gmail.com}},
Cited-References = {{Abosrra L, 2011, CONSTR BUILD MATER, V25, P3915, DOI 10.1016/j.conbuildmat.2011.04.023.
   Acar C, 2003, J MICROMECH MICROENG, V13, P634, DOI 10.1088/0960-1317/13/5/315.
   Acar C., 2003, STRUCTURAL HLTH MONI.
   Achenbach JD, 2009, MECH RES COMMUN, V36, P137, DOI 10.1016/j.mechrescom.2008.08.011.
   Adeli H, 2006, J STRUCT ENG-ASCE, V132, P102, DOI 10.1061/(ASCE)0733-9445(2006)132:1(102).
   Adewuyi AP, 2009, STRUCT HEALTH MONIT, V8, P443, DOI 10.1177/1475921709340964.
   Costa BJA, 2012, ENG STRUCT, V44, P271, DOI 10.1016/j.engstruct.2012.06.005.
   Aktan A. E., 2003, FEDERAL HIGHWAY ADM.
   Al-Fakih E., 2012, SENSORS, P12.
   Ann KY, 2007, CORROS SCI, V49, P4113, DOI 10.1016/j.corsci.2007.05.007.
   Annamdas VGM, 2010, J INTEL MAT SYST STR, V21, P41, DOI 10.1177/1045389X09352816.
   {[}Anonymous], 1998, ADXL 150 250 SPEC DA.
   Ansari F, 1997, CEMENT CONCRETE COMP, V19, P3, DOI 10.1016/S0958-9465(96)00038-8.
   Ansari F, 2007, J INTEL MAT SYST STR, V18, P879, DOI 10.1177/1045389X06075760.
   Antunes P, 2012, J CONSTR STEEL RES, V74, P58, DOI 10.1016/j.jcsr.2012.02.006.
   Arjun V, 2015, SENSOR ACTUAT A-PHYS, V226, P69, DOI 10.1016/j.sna.2015.02.018.
   Azhari F., 2009, CIVIL ENG.
   Azhari F, 2012, CEMENT CONCRETE COMP, V34, P866, DOI 10.1016/j.cemconcomp.2012.04.007.
   Bajwa W. U., 2006, P 5 INT C INF PROC S.
   Bao M, 2000, HDB SENSORS ACTUATOR, V8.
   Bao YQ, 2011, STRUCT HEALTH MONIT, V10, P235, DOI 10.1177/1475921710373287.
   Bhadra S, 2013, SMART MATER STRUCT, V22, DOI 10.1088/0964-1726/22/7/075019.
   Bogusz J, 2012, J APPL GEOD, V6, P55, DOI 10.1515/jag-2011-0009.
   Bourne-Webb PJ, 2009, GEOTECHNIQUE, V59, P237, DOI 10.1680/geot.2009.59.3.237.
   Busca G, 2014, EXP MECH, V54, P255, DOI 10.1007/s11340-013-9784-8.
   Carden EP, 2004, STRUCT HEALTH MONIT, V3, P355, DOI 10.1177/1475921704047500.
   Casas JR, 2003, J BRIDGE ENG, V8, P362, DOI 10.1061/(ASCE)1084-0702(2003)8:6(362).
   Chae MJ, 2012, AUTOMAT CONSTR, V21, P237, DOI 10.1016/j.autcon.2011.06.008.
   Chan THT, 2006, ENG STRUCT, V28, P648, DOI 10.1016/j.engstruct.2005.09.018.
   Chen J. G., 2017, J INFRASTRUCT SYST.
   Chen JG, 2015, J SOUND VIB, V345, P58, DOI 10.1016/j.jsv.2015.01.024.
   Cheng L. K., 2018, OPTO MECH FIBER OPTI.
   Cheng Y, 2018, CONSTR BUILD MATER, V174, P613, DOI 10.1016/j.conbuildmat.2018.04.133.
   Cho JW, 2002, J APPL POLYM SCI, V83, P2447, DOI 10.1002/app.10226.
   Chung W, 2008, ENG STRUCT, V30, P643, DOI 10.1016/j.engstruct.2007.05.003.
   Connolly C., 2006, Sensor Review, V26, P236, DOI 10.1108/02602280610675537.
   Crammond G, 2013, OPT LASER ENG, V51, P1368, DOI 10.1016/j.optlaseng.2013.03.014.
   Antunes PFD, 2009, IEEE SENS J, V9, P1347, DOI 10.1109/JSEN.2009.2026548.
   Daliri A, 2012, SENSOR ACTUAT A-PHYS, V184, P86, DOI 10.1016/j.sna.2012.07.003.
   Dally J. W., 1978, EXPT STRESS ANAL.
   Das S, 2018, J CIV STRUCT HEALTH, V8, P689, DOI 10.1007/s13349-018-0292-5.
   Das S, 2016, J CIV STRUCT HEALTH, V6, P477, DOI 10.1007/s13349-016-0168-5.
   Dawood TA, 2007, COMPOS PART A-APPL S, V38, P217, DOI {[}10.1016/j.compositesa.2006.01.028, 10.1016/j.composites.2006.01.028].
   Delepine-Lesoille S, 2006, SMART MATER STRUCT, V15, P931, DOI 10.1088/0964-1726/15/4/005.
   Demetgul M, 2015, MEASUREMENT, V69, P42, DOI 10.1016/j.measurement.2015.03.032.
   Dinh-Cong D, 2018, ADV ENG SOFTW, V119, P48, DOI 10.1016/j.advengsoft.2018.02.005.
   Elvin N, 2003, J STRAIN ANAL ENG, V38, P115, DOI 10.1243/030932403321163640.
   Farinholt KM, 2010, STRUCT HEALTH MONIT, V9, P269, DOI 10.1177/1475921710366647.
   Feng DM, 2017, MECH SYST SIGNAL PR, V88, P199, DOI 10.1016/j.ymssp.2016.11.021.
   Fernandez-Valdivielso C, 2002, SENSOR ACTUAT A-PHYS, V101, P107, DOI 10.1016/S0924-4247(02)00188-7.
   Flynn EB, 2010, MECH SYST SIGNAL PR, V24, P891, DOI 10.1016/j.ymssp.2009.09.003.
   Fox C. H. J., 1992, 10 INT MOD AN C SAN.
   Galchev T, 2011, PROC SPIE, V7983, DOI 10.1117/12.880174.
   Gallego A., 2016, EMISION ACUSTICA NIV.
   Gao LM, 2009, CARBON, V47, P1381, DOI 10.1016/j.carbon.2009.01.030.
   Ge Y, 2014, CONSTR BUILD MATER, V70, P279, DOI 10.1016/j.conbuildmat.2014.07.102.
   Giurgiutiu V., 2005, Shock and Vibration Digest, V37, P83, DOI 10.1177/0583102405052561.
   Godinez-Azcuaga V. F., 2013, 5 INT S NDT AER SING.
   Gonsalez C. G., 2011, SOC EXPT MECH SERIES.
   GONZALEZ JA, 1985, CORROS SCI, V25, P917, DOI 10.1016/0010-938X(85)90021-6.
   Gonzalez R. C., 2008, DIGITAL IMAGE PROCES.
   Graybeal BA, 2002, J NONDESTRUCT EVAL, V21, P67, DOI 10.1023/A:1022508121821.
   Han HZ, 2016, ENG STRUCT, V122, P238, DOI 10.1016/j.engstruct.2016.04.041.
   Han QH, 2015, STRUCT CONTROL HLTH, V22, P314, DOI 10.1002/stc.1675.
   Harris AW, 2011, SMART MATER STRUCT, V20, DOI 10.1088/0964-1726/20/7/075018.
   Haynes C, 2015, MECH SYST SIGNAL PR, V54-55, P195, DOI 10.1016/j.ymssp.2014.08.015.
   Hong CY, 2016, MEASUREMENT, V88, P186, DOI 10.1016/j.measurement.2016.03.052.
   Hong W, 2015, MECH SYST SIGNAL PR, V50-51, P563, DOI 10.1016/j.ymssp.2014.05.011.
   Hoult N. A., 2009, INT C STRUCT HLTH MO.
   Hui L. I., 2011, PROCEDIA ENG, V14, P753, DOI {[}10.1016/j.proeng.2011.07.095, DOI 10.1016/J.PROENG.2011.07.095].
   Im SB, 2013, J STRUCT ENG, V139, P1653, DOI 10.1061/(ASCE)ST.1943-541X.0000475.
   INAUDI D, 1994, SENSOR ACTUAT A-PHYS, V44, P125, DOI 10.1016/0924-4247(94)00797-7.
   Inaudi D., 1999, MONITORING SAFETY EV.
   Ingle V. K., 1997, DIGITAL SIGNAL PROCE.
   Isikdag U., 2007, BRING ITC KNOWL WORK.
   Ismail Gonenil E., 2011, IEEE SENS J, V11, P2318, DOI DOI 10.1109/JSEN.2011.2136376.
   Jabir SAA, 2013, MEASUREMENT, V46, P2223, DOI 10.1016/j.measurement.2013.03.018.
   Johnston ID, 2014, J MICROMECH MICROENG, V24, DOI 10.1088/0960-1317/24/3/035017.
   Kaloop M. R., 2016, J SENSORS, V2016.
   Kaloop MR, 2017, ISPRS INT J GEO-INF, V6, DOI 10.3390/ijgi6120382.
   Kang HK, 2002, MEAS SCI TECHNOL, V13, P1191, DOI 10.1088/0957-0233/13/8/305.
   Katafygiotis LS, 2001, EARTHQUAKE ENG STRUC, V30, P1103, DOI 10.1002/eqe.53.
   Kavitha S, 2016, MEASUREMENT, V93, P327, DOI 10.1016/j.measurement.2016.07.029.
   Kavitha S, 2016, MECH SYST SIGNAL PR, V66-67, P410, DOI 10.1016/j.ymssp.2015.06.005.
   Kavitha S, 2013, MEASUREMENT, V46, P3372, DOI 10.1016/j.measurement.2013.05.013.
   Kavitha S., 2012, J SENS T, V144, P62.
   Kersey AD, 1997, J LIGHTWAVE TECHNOL, V15, P1442, DOI 10.1109/50.618377.
   Kesavan K, 2010, MEASUREMENT, V43, P157, DOI 10.1016/j.measurement.2009.08.010.
   Kilic G, 2015, RENEW ENERG, V75, P318, DOI 10.1016/j.renene.2014.10.010.
   Kim JT, 2014, STRUCT MONIT MAINT, V1, P47, DOI 10.12989/smm.2014.1.1.047.
   Kirolos S., 2006, P IEEE DALL CIRC SYS.
   Kister G, 2007, ENG STRUCT, V29, P440, DOI 10.1016/j.engstruct.2006.05.012.
   Kleckers T., 2008, OPTICAL VERSUS ELECT.
   Kwon SD, 2013, SMART MATER STRUCT, V22, DOI 10.1088/0964-1726/22/5/055007.
   Lajnef N, 2008, IEEE T BIOMED CIRC S, V2, P164, DOI 10.1109/TBCAS.2008.2001473.
   Lau C. K., 1996, AIPC IVBH KONGRESSBE, V15, P104.
   Lee DG, 2002, J COMPOS MATER, V36, P1349, DOI 10.1106/002199802023166.
   Lee SY, 2015, SMART STRUCT SYST, V15, P259, DOI 10.12989/sss.2015.15.2.259.
   Lepadatu A, 2014, J APPL GEOD, V8, P65, DOI 10.1515/jag-2013-0020.
   Leung CKY, 2008, SENSORS-BASEL, V8, P1960, DOI 10.3390/s8031960.
   Li DS, 2012, OPT LASER TECHNOL, V44, P1031, DOI 10.1016/j.optlastec.2011.10.014.
   Li DS, 2011, MEASUREMENT, V44, P722, DOI 10.1016/j.measurement.2011.01.005.
   Li FC, 2014, SENSOR ACTUAT A-PHYS, V214, P66, DOI 10.1016/j.sna.2014.04.016.
   Li GY, 2007, CEMENT CONCRETE COMP, V29, P377, DOI 10.1016/j.cemconcomp.2006.12.011.
   Li GX, 2000, J MATER PROCESS MANU, V9, P143, DOI 10.1106/LD5T-3YLT-23WP-PTJ3.
   Li HN, 2004, ENG STRUCT, V26, P1647, DOI 10.1016/j.engstruct.2004.05.018.
   Li W., 2016, SMART MATER STRUCT, V25, DOI DOI 10.1088/0964-1726/25/11/115031.
   Li WJ, 2011, CARBON, V49, P4724, DOI 10.1016/j.carbon.2011.06.077.
   Li YY, 2010, MECH SYST SIGNAL PR, V24, P653, DOI 10.1016/j.ymssp.2009.11.002.
   Li ZN, 2004, APPL ACOUST, V65, P807, DOI 10.1016/j.apacoust.2003.12.007.
   Liu C, 2003, CORROS SCI, V45, P1257, DOI 10.1016/S0010-938X(02)00214-7.
   Liu FS, 2014, RENEW ENERG, V72, P174, DOI 10.1016/j.renene.2014.07.007.
   Loutas TH, 2017, J SOUND VIB, V410, P217, DOI 10.1016/j.jsv.2017.08.022.
   Lynch J. P., 2006, Shock and Vibration Digest, V38, P91, DOI 10.1177/0583102406061499.
   Lynch J. P., 2006, 24 INT MOD AN C IMAC.
   Lynch JP, 2003, J AEROSPACE ENG, V16, P108, DOI 10.1016/(ASCE)0893-1321(2003)16:3(108).
   Majumder M, 2008, SENSOR ACTUAT A-PHYS, V147, P150, DOI 10.1016/j.sna.2008.04.008.
   Mascarenas D.L., 2009, J SOUND VIB, V329, P2410.
   McCullagh JJ, 2014, SENSOR ACTUAT A-PHYS, V217, P139, DOI 10.1016/j.sna.2014.07.003.
   Measures R. M., 2001, STRUCTURAL MONITORIN, P716.
   Meng X, 2007, ENG STRUCT, V29, P3178, DOI 10.1016/j.engstruct.2007.03.012.
   Meng X., 2006, 3 INT C BRIDG MAINT.
   Misra A., 2004, J GEOTECH GEOL ENG, V22, P199, DOI DOI 10.1023/B:GEGE.0000018356.85647.79.
   Moore P.O., 2005, NONDESTRUCTIVE TESTI, V6.
   Morten B., 1994, HDB SENSORS ACTUATOR.
   Moschas F., 2015, INT ASS EARTHQ ENG, V44, P657, DOI {[}10.1002/eqe.2426, DOI 10.1002/EQE.2426].
   Moschas F, 2015, J SURV ENG, V141, DOI 10.1061/(ASCE)SU.1943-5428.0000146.
   Moschas F, 2013, MEASUREMENT, V46, P1488, DOI 10.1016/j.measurement.2012.12.015.
   Moyo P, 2005, ENG STRUCT, V27, P1828, DOI 10.1016/j.engstruct.2005.04.023.
   Murthy S. G. N., 2015, INT S NON DESTR TEST.
   Myers J. J., 2014, FINAL REPORT CTR TRA.
   Nag-Chowdhury S, 2018, COMPOS SCI TECHNOL, V160, P79, DOI 10.1016/j.compscitech.2018.03.023.
   Nag-Chowdhury S, 2016, COMPOS SCI TECHNOL, V123, P286, DOI 10.1016/j.compscitech.2016.01.004.
   Nair A, 2010, ENG STRUCT, V32, P1704, DOI 10.1016/j.engstruct.2010.02.020.
   Neild SA, 2005, STRAIN, V41, P3, DOI 10.1111/j.1475-1305.2004.00163.x.
   Neville A, 1997, PROPERTIES CONCRETE.
   Ngoi BKA, 2004, OPT COMMUN, V242, P425, DOI 10.1016/j.optcom.2004.08.032.
   Nguyen TH, 2014, SENSOR ACTUAT B-CHEM, V191, P498, DOI 10.1016/j.snb.2013.09.072.
   Ni YQ, 2016, INT J STRUCT STAB DY, V16, DOI 10.1142/S0219455416400277.
   Ojio T., 2002, 3 INT C WEIGH MOT IC.
   Ono K., 2011, DIAGNOSTYKA, V2, P3.
   Park HS, 2008, STRUCT DES TALL SPEC, V17, P117, DOI 10.1002/tal.335.
   Park ZT, 2005, CEMENT CONCRETE RES, V35, P1814, DOI 10.1016/j.cemconres.2003.11.027.
   Peigney M, 2013, SMART MATER STRUCT, V22, DOI 10.1088/0964-1726/22/9/095019.
   Pereira E. V., 2009, SENSORS, V9.
   Perveen K., 2013, INSTR MEAS TECHN C 1.
   Phares B, 2013, TRANSPORT RES REC, P71, DOI 10.3141/2331-07.
   Phares B, 2013, J BRIDGE ENG, V18, P1227, DOI 10.1061/(ASCE)BE.1943-5592.0000467.
   Poloso T., 2001, SMART MAT B, P7.
   Pu-Woei Chen, 1993, Smart Materials and Structures, V2, P22, DOI 10.1088/0964-1726/2/1/004.
   Qin L, 2015, APPL ACOUST, V94, P53, DOI 10.1016/j.apacoust.2015.01.013.
   Rahimi M., 2003, 2003 IEEE INT C ROB.
   Rao ARM, 2014, PROCEDIA ENGINEER, V86, P529, DOI 10.1016/j.proeng.2014.11.077.
   Ribeiro D, 2014, ENG STRUCT, V75, P164, DOI 10.1016/j.engstruct.2014.04.051.
   Roach D, 2009, SMART STRUCT SYST, V5, P317, DOI 10.12989/sss.2009.5.4.317.
   Roberts G. W., 2004, J GLOBAL POSITIONING, V3, P226.
   Rodrigues C, 2012, ENG STRUCT, V44, P281, DOI 10.1016/j.engstruct.2012.05.040.
   Rodrigues C, 2010, ENG STRUCT, V32, P1993, DOI 10.1016/j.engstruct.2010.02.033.
   Rose JL, 2002, J PRESS VESS-T ASME, V124, P273, DOI 10.1115/1.1491272.
   Roths J., 2010, INT SOC OPTICS PHOTO.
   Rytter T., 1993, VIBRATION BASED INSP.
   Saboonchi H, 2013, SMART MATER STRUCT, V22, DOI 10.1088/0964-1726/22/9/095006.
   Saboonchi H, 2016, SENSOR ACTUAT A-PHYS, V247, P566, DOI 10.1016/j.sna.2016.05.014.
   Saboonchi H, 2015, IEEE SENS J, V15, P568, DOI 10.1109/JSEN.2014.2347971.
   Sagasta F, 2018, MECH SYST SIGNAL PR, V102, P262, DOI 10.1016/j.ymssp.2017.09.022.
   Salawu OS, 1997, ENG STRUCT, V19, P718, DOI 10.1016/S0141-0296(96)00149-6.
   Sathiyanarayanan S, 2006, CEMENT CONCRETE COMP, V28, P630, DOI 10.1016/j.cemeoncomp.2006.03.005.
   Saw HS, 2000, J CONSTR STEEL RES, V53, P121, DOI 10.1016/S0143-974X(99)00062-0.
   Sazonov E, 2009, IEEE SENS J, V9, P1422, DOI 10.1109/JSEN.2009.2019333.
   Schreier HW, 2000, OPT ENG, V39, P2915, DOI 10.1117/1.1314593.
   Schumacher T., 2013, NONDESTRUCTIVE TESTI, V6, P847.
   Sebastian J, 2014, CARBON, V66, P191, DOI 10.1016/j.carbon.2013.08.058.
   Seo J., 2015, J PERFORM CONSTR FAC.
   Seo J, 2015, MEASUREMENT, V75, P308, DOI 10.1016/j.measurement.2015.07.043.
   Seo JW, 2013, ENG STRUCT, V46, P569, DOI 10.1016/j.engstruct.2012.08.012.
   Sharma T, 2016, B MATER SCI, V39, P613, DOI 10.1007/s12034-016-1220-0.
   Shehata E, 1999, J INTEL MAT SYST STR, V10, P304, DOI 10.1106/9U82-LN6C-N31T-1PU6.
   Shi X., 2018, MONITORING REINFORCE.
   Shi XM, 2012, CONSTR BUILD MATER, V30, P125, DOI 10.1016/j.conbuildmat.2011.12.038.
   Sreeshylam P, 2008, International Journal of COMADEM, V11, P46.
   Straser E. G., 1998, BLUME EARTHQUAKE ENG.
   Stupar DZ, 2013, PHYS SCRIPTA, VT157, DOI 10.1088/0031-8949/2013/T157/014031.
   Sun K, 2010, J INTEL MAT SYST STR, V21, P225, DOI 10.1177/1045389X09349154.
   Sun MQ, 2014, CONSTR BUILD MATER, V65, P630, DOI 10.1016/j.conbuildmat.2014.04.105.
   Sundaram BA, 2013, CURR SCI INDIA, V104, P1496.
   Takhar D., 2006, P COMP IM 4 SPIE EL.
   Talakokula V, 2014, J INTEL MAT SYST STR, V25, P484, DOI 10.1177/1045389X13498317.
   Tan CH, 2016, SENSOR ACTUAT A-PHYS, V246, P123, DOI 10.1016/j.sna.2016.04.028.
   Tan CH, 2017, SENSOR ACTUAT A-PHYS, V268, P61, DOI 10.1016/j.sna.2017.10.048.
   Tegtmeier F., 2000, 16 IMEKO WORLD C VIE.
   Huynh TC, 2016, MEASUREMENT, V88, P385, DOI 10.1016/j.measurement.2016.03.032.
   Toprakci HAK, 2013, ADV FUNCT MATER, V23, P5536, DOI 10.1002/adfm.201300034.
   Torres B, 2011, ENG STRUCT, V33, P539, DOI 10.1016/j.engstruct.2010.11.012.
   Torres-Luque M, 2014, CONSTR BUILD MATER, V68, P68, DOI 10.1016/j.conbuildmat.2014.06.009.
   Trung TQ, 2014, ADV FUNCT MATER, V24, P117, DOI 10.1002/adfm.201301845.
   Uva G., 2014, CASE STUD NONDESTR T, V2, P27, DOI DOI 10.1016/J.CSNDT.2014.06.002.
   Vogl A, 2009, SENSOR ACTUAT A-PHYS, V153, P155, DOI 10.1016/j.sna.2009.04.011.
   Wada T., 1997, STATE ART THICK FILM.
   Walmsley R. G., 2009, MICRO G SILICON ACCE, P971.
   Wong Andy K. D., 2011, Construction Innovation, V11, P61, DOI 10.1108/14714171111104637.
   Wong K. Y., 2001, GPS WORLD, V7, P10.
   Wu B., 2017, SMART MATER STRUCT, V26, P21.
   Xia Q., 2016, J BRIDGE ENG.
   Xia QF, 2016, SENSOR ACTUAT A-PHYS, V241, P124, DOI 10.1016/j.sna.2016.02.007.
   Yapar O, 2015, ENG FAIL ANAL, V56, P150, DOI 10.1016/j.engfailanal.2015.03.009.
   Ye XW, 2016, MEASUREMENT, V88, P372, DOI 10.1016/j.measurement.2016.01.024.
   Ye XW, 2015, WIND STRUCT, V20, P315, DOI 10.12989/was.2015.20.2.315.
   Ye XW, 2013, SMART STRUCT SYST, V12, P363, DOI 10.12989/sss.2013.12.3\_4.363.
   Yehia S, 2014, MEASUREMENT, V52, P33, DOI 10.1016/j.measurement.2014.02.030.
   Yi JH, 2004, STRUCT ENG MECH, V17, P445, DOI 10.12989/sem.2004.17.3\_4.445.
   YI TH, 2012, SMART MATER STRUCT, V21, P1, DOI DOI 10.1088/0964-1726/21/12/125023.
   Yi TH, 2016, MEASUREMENT, V88, P343, DOI 10.1016/j.measurement.2016.05.038.
   Yi TH, 2016, STRUCT CONTROL HLTH, V23, P719, DOI 10.1002/stc.1806.
   Yi TH, 2012, SMART MATER STRUCT, V21, DOI 10.1088/0964-1726/21/10/105033.
   Yi TH, 2013, MEASUREMENT, V46, P420, DOI 10.1016/j.measurement.2012.07.018.
   Yi TH, 2011, MEAS SCI TECHNOL, V22, DOI 10.1088/0957-0233/22/7/075101.
   Yi TH, 2010, SCI CHINA TECHNOL SC, V53, P469, DOI 10.1007/s11431-010-0051-2.
   Yigit CO, 2017, GEOMAT NAT HAZ RISK, V8, P893, DOI 10.1080/19475705.2017.1284160.
   Yoo JH, 2003, CEMENT CONCRETE RES, V33, P2057, DOI 10.1016/s0008-8846(03)00226-6.
   Yu L. P., MEASUREMENT SCI TECH, V26.
   Zha JW, 2016, COMPOS SCI TECHNOL, V123, P32, DOI 10.1016/j.compscitech.2015.11.028.
   Zhang YF, 2015, AUTOMAT CONSTR, V54, P1, DOI 10.1016/j.autcon.2015.02.013.
   Zhao JL, 2015, SENSOR ACTUAT A-PHYS, V225, P133, DOI 10.1016/j.sna.2015.02.017.
   Zhou GD, 2017, J AEROSPACE ENG, V30, DOI 10.1061/(ASCE)AS.1943-5525.0000603.
   Zhu DP, 2011, FRONT STRUCT CIV ENG, V5, P249, DOI 10.1007/s11709-011-0113-y.
   Zumberge JF, 1997, J GEOPHYS RES-SOL EA, V102, P5005, DOI 10.1029/96JB03860.}},
Number-of-Cited-References = {{226}},
Times-Cited = {{0}},
Usage-Count-Last-180-days = {{78}},
Usage-Count-Since-2013 = {{78}},
Journal-ISO = {{Measurement}},
Doc-Delivery-Number = {{GS6UH}},
Unique-ID = {{ISI:000443834700008}},
DA = {{2018-11-12}},
}

@article{ ISI:000443664100005,
Author = {Yocom, Christopher J. and Zhang, Xing and Liao, Yiliang},
Title = {{Research and development status of laser peen forming: A review}},
Journal = {{OPTICS AND LASER TECHNOLOGY}},
Year = {{2018}},
Volume = {{108}},
Pages = {{32-45}},
Month = {{DEC}},
Abstract = {{Laser peen forming (LPF) is a non-contact sheet metal forming process,
   in which a laser-induced shock wave is utilized to accurately bend,
   shape, precision-align, adjust, and/or repair engineering components.
   Due to its combination of exceptional manufacturing advantages,
   including non-thermal, no hard tooling, high process flexibility and
   controllability, and peening effect for enhanced material durability,
   LPF has been used for widespread industry applications in aerospace,
   automotive, shipbuilding, biomedical devices, microelectronics, and
   microelectromechanical system (MEMS). As a state-of-the-art technology,
   ongoing investigations are being conducted to improve the efficacy of
   LPF. This paper aims at reviewing the research and development status of
   LPF. The LPF process design, forming mechanisms, and simulation
   methodologies are discussed. The deformation behaviors as affected by
   laser processing parameters, including laser intensity, material
   thickness, overlapping ratio, and number of scanning tracks, are
   reviewed. In addition, the recent advances in femtosecond LPF and
   heat-assisted LPF are studied. (C) 2018 Elsevier Ltd. All rights
   reserved.}},
Publisher = {{ELSEVIER SCI LTD}},
Address = {{THE BOULEVARD, LANGFORD LANE, KIDLINGTON, OXFORD OX5 1GB, OXON, ENGLAND}},
Type = {{Review}},
Language = {{English}},
Affiliation = {{Liao, YL (Reprint Author), Univ Nevada, Dept Mech Engn, Reno, NV 89557 USA.
   Yocom, Christopher J.; Zhang, Xing; Liao, Yiliang, Univ Nevada, Dept Mech Engn, Reno, NV 89557 USA.}},
DOI = {{10.1016/j.optlastec.2018.06.032}},
ISSN = {{0030-3992}},
EISSN = {{1879-2545}},
Keywords = {{Laser peen forming; Sheet metal forming; Bendingangle; Residuals
   stresses}},
Keywords-Plus = {{THIN METAL SHEETS; PLASTIC-DEFORMATION; STRESS WAVES; SHOCK-WAVES;
   CONFINED GEOMETRY; INDUCED PLASMA; ALUMINUM; ALLOY; GENERATION; TITANIUM}},
Research-Areas = {{Optics; Physics}},
Web-of-Science-Categories  = {{Optics; Physics, Applied}},
Author-Email = {{yliao@unr.edu}},
Funding-Acknowledgement = {{Department of Mechanical Engineering at the University of Nevada, Reno}},
Funding-Text = {{The authors appreciate the financial support by start-up funding from
   the Department of Mechanical Engineering at the University of Nevada,
   Reno.}},
Cited-References = {{ANDERHOL.NC, 1970, APPL PHYS LETT, V16, P113, DOI 10.1063/1.1653116.
   ANDERHOLM NC, 1972, APPL OPTICS, V11, P2057, DOI 10.1364/AO.11.002057.
   ANDERHOLM NC, 1972, J APPL PHYS, V43, P434, DOI 10.1063/1.1661134.
   ANISIMOV SI, 1979, ZH TEKH FIZ+, V49, P512.
   Arif AFM, 2003, J MATER PROCESS TECH, V136, P120, DOI 10.1016/S0924-0136(02)01122-6.
   Berthe L, 1997, J APPL PHYS, V82, P2826, DOI 10.1063/1.366113.
   Cao YF, 2010, J MANUF SCI E-T ASME, V132, DOI 10.1115/1.4002850.
   Cao ZW, 2012, CHINESE J AERONAUT, V25, P650, DOI 10.1016/S1000-9361(11)60429-9.
   Clauer A.H., 1981, EFFECTS LASER INDUCE, P675.
   Clauer AH, 1996, SURFACE PERFORMANCE OF TITANIUM, P217.
   DEVAUX D, 1993, J APPL PHYS, V74, P2268, DOI 10.1063/1.354710.
   DEVAUX D, 1991, J PHYS IV, V1, P179, DOI 10.1051/jp4:1991747.
   Ding H., 2014, ASME 2014 INT MAN SC.
   Edward K., 2007, LASER PEEN FORMING 2, P569.
   Edwards KR, 2010, INT J ADV MANUF TECH, V47, P191, DOI 10.1007/s00170-009-2185-6.
   Edwardson SP, 2006, J PHYS D APPL PHYS, V39, P382, DOI 10.1088/0022-3727/39/2/021.
   FABBRO R, 1990, J APPL PHYS, V68, P775, DOI 10.1063/1.346783.
   Fabbro R, 1998, J LASER APPL, V10, P265, DOI 10.2351/1.521861.
   Gomez-Rosas G, 2005, APPL SURF SCI, V252, P883, DOI 10.1016/j.apsusc.2005.01.150.
   Gujba AK, 2014, MATERIALS, V7, P7925, DOI 10.3390/ma7127925.
   Guo YB, 2011, J MATER PROCESS TECH, V211, P729, DOI 10.1016/j.jmatprotec.2010.12.007.
   Gusarov AV, 2005, J APPL PHYS, V97, DOI 10.1063/1.1827321.
   Hackel L, 2015, PROCEDIA ENGINEER, V133, P545, DOI 10.1016/j.proeng.2015.12.677.
   Hatamleh O, 2009, INT J FATIGUE, V31, P974, DOI 10.1016/j.ijfatigue.2008.03.029.
   Hu YX, 2008, SURF COAT TECH, V202, P1517, DOI 10.1016/j.surfcoat.2007.07.008.
   Hu YX, 2016, MATER DESIGN, V90, P364, DOI 10.1016/j.matdes.2015.10.128.
   Hu YX, 2015, J MATER PROCESS TECH, V221, P214, DOI 10.1016/j.jmatprotec.2015.02.030.
   Hu YX, 2010, J MANUF SCI E-T ASME, V132, DOI 10.1115/1.4002585.
   Hu YX, 2010, J APPL PHYS, V108, DOI 10.1063/1.3486218.
   Im J, 2012, J MECH SCI TECHNOL, V26, P3943, DOI 10.1007/s12206-012-0913-6.
   JOHNSON JN, 1971, J APPL PHYS, V42, P4171, DOI 10.1063/1.1659750.
   Kondo S.T.K., 1981, NON TRADITIONAL REF, V14-17, P565.
   Magee J, 1998, J LASER APPL, V10, P235, DOI 10.2351/1.521859.
   Mazhukin VI, 1996, APPL SURF SCI, V96-8, P89, DOI 10.1016/0169-4332(95)00471-8.
   Mazhukin VI, 2004, J PHYS D APPL PHYS, V37, P185, DOI 10.1088/0022-3727/37/2/007.
   Montross CS, 1999, INT J ROCK MECH MIN, V36, P849, DOI 10.1016/S0148-9062(99)00054-6.
   Montross CS, 2002, INT J FATIGUE, V24, P1021, DOI 10.1016/S0142-1123(02)00022-1.
   Montross CS, 2001, J MATER SCI, V36, P1801, DOI 10.1023/A:1017537011772.
   MORE RM, 1988, PHYS FLUIDS, V31, P3059, DOI 10.1063/1.866963.
   Ocana JL, 2007, APPL SURF SCI, V254, P997, DOI 10.1016/j.apsusc.2007.08.093.
   Ocana JL, 2009, APPL SURF SCI, V255, P5633, DOI 10.1016/j.apsusc.2008.10.084.
   OKEEFE JD, 1972, APPL PHYS LETT, V21, P464, DOI 10.1063/1.1654220.
   Pence C, 2013, INT J ADV MANUF TECH, V69, P319, DOI 10.1007/s00170-013-5032-8.
   Peyre P, 2012, J PHYS D APPL PHYS, V45, DOI 10.1088/0022-3727/45/33/335304.
   Peyre P, 1996, MAT SCI ENG A-STRUCT, V210, P102, DOI 10.1016/0921-5093(95)10084-9.
   Peyre P, 1995, OPT QUANT ELECTRON, V27, P1213.
   Ruschau JJ, 1999, INT J FATIGUE, V21, pS199.
   Sagisaka Y, 2015, J MATER PROCESS TECH, V219, P230, DOI 10.1016/j.jmatprotec.2014.12.028.
   Sagisaka Y, 2012, J LASER MICRO NANOEN, V7, P158, DOI 10.2961/jlmn.2012.02.0006.
   Sagisaka Y, 2010, J MATER PROCESS TECH, V210, P2304, DOI 10.1016/j.jmatprotec.2010.08.025.
   Shen H, 2010, OPT LASER ENG, V48, P305, DOI 10.1016/j.optlaseng.2009.11.005.
   Shen H, 2009, COMP MATER SCI, V46, P834, DOI 10.1016/j.commatsci.2009.04.022.
   Shen NG, 2016, SURF COAT TECH, V289, P194, DOI 10.1016/j.surfcoat.2016.01.054.
   Sundar R, 2012, SURF ENG, V28, P564, DOI 10.1179/1743294412Y.0000000029.
   Tanaka H, 2006, WIT TRANS BUILT ENV, V85, P359, DOI 10.2495/HPSM06035.
   Tani G, 2011, CIRP ANN-MANUF TECHN, V60, P219, DOI 10.1016/j.cirp.2011.03.115.
   Wang H, 2017, OPT LASER ENG, V90, P179, DOI 10.1016/j.optlaseng.2016.10.016.
   Wang Y., 2007, J MANUF PROCESS, V9, P1, DOI DOI 10.1016/S1526-6125(07)70103-2.
   Wu B, 2005, J APPL PHYS, V97, DOI 10.1063/1.1915537.
   Wu B., 2007, THESIS.
   Wu BX, 2007, J APPL PHYS, V101, DOI 10.1063/1.2426981.
   Yang CJ, 2006, FRONT MECH ENG, V1, P448, DOI 10.1007/s11465-006-0056-5.
   YANG LC, 1974, J APPL PHYS, V45, P2601, DOI 10.1063/1.1663636.
   Ye C, 2010, J MANUF SCI E-T ASME, V132, DOI 10.1115/1.4002849.
   Yilbas BS, 2006, P I MECH ENG B-J ENG, V220, P857, DOI 10.1243/09544054JEM311.
   Zeldovich YB, 1966, PHYS SHOCK WAVES HIG.
   Zhang WQ, 2016, METALS-BASEL, V6, DOI 10.3390/met6010006.
   Zhang XC, 2010, MAT SCI ENG A-STRUCT, V527, P3411, DOI 10.1016/j.msea.2010.01.076.
   Zhang ZY, 2017, J MANUF SCI E-T ASME, V139, DOI 10.1115/1.4034891.
   Zhou JZ, 2006, KEY ENG MAT, V315-316, P607, DOI 10.4028/www.scientific.net/KEM.315-316.607.
   Zhou JZ, 2011, KEY ENG MATER, V464, P588, DOI 10.4028/www.scientific.net/KEM.464.588.
   Zhou M, 2002, J APPL PHYS, V91, P5501, DOI 10.1063/1.1459624.
   Zhou WF, 2018, J LASER APPL, V30, DOI 10.2351/1.5012962.}},
Number-of-Cited-References = {{73}},
Times-Cited = {{0}},
Usage-Count-Last-180-days = {{31}},
Usage-Count-Since-2013 = {{31}},
Journal-ISO = {{Opt. Laser Technol.}},
Doc-Delivery-Number = {{GS4YP}},
Unique-ID = {{ISI:000443664100005}},
DA = {{2018-11-12}},
}
