%---------------------------------------------------------------------------%
%-                                                                         -%
%-                             Bibliography                                -%
%-                                                                         -%
%---------------------------------------------------------------------------%
% This file was created with Citavi 6.2.0.12

% This file was created with Citavi 6.3.0.0

@book{JHL.2015.03,
	abstract = {Ben shu gong shi zhang.Qian wu zhang zhu yao chan shu kong jian guang dian ling yu de yi xie ji shu wen ti,Bao kuo kong jian guang dian ji shu de yan fa jin zhan,Da qi xin dao ying xiang yu guang xue bu chang,Guang xue xi tong zhi liang ping jia,Kong jian mu biao de guang xue tan ce ji guang xue dong tai gen miao deng ji shu;Hou wu zhang zhong dian jie shao kong jian guang xue xi tong de she ji fang fa,Bao kuo zhe she shi ji fan she shi xi tong guang xue she ji,Kong jian ji guang tong xin xi tong guang xue she ji,Tai yang mo ni qi ji di qiu mo ni qi xi tong de guang xue she ji deng.},
	author = {姜会林},
	year = {2015.03},
	title = {空间光电技术与光学系统},
	keywords = {Guang dian ji shu;Guang xue xi tong},
	address = {Beijing},
	publisher = {科学出版社},
	isbn = {7-03-045407-3},
	series = {Guang xue yu guang zi xue cong shu}
}


@book{WJ.2013.02,
	abstract = {本书结合光纤通信技术和空间光通信技术目前的发展动态，全面介绍了以光为载波的通信系统的基本概念、原理、技术以及系统设计方法，上篇主要内容包括：光纤通信系统的优点及组成；光源器件的结构、发光原理、调制原理及编码技术；光检测器件的结构和原理，光接收机的相关理论；光纤的传输原理和特性，光纤的非线性效应；光无源器件和光放大器的原理与应用；光纤通信系统性能指标与光网络技术。下篇主要内容包括：空间光通信技术的发展现状及关键技术；空间光通信系统的功率预算；各部分的方案设计；地面水平空间光通信系统的样机设计；空间光通信系统保密性能的研究及光脉冲展宽问题的研究。},
	author = {王佳},
	year = {2013.02},
	title = {光纤通信与空间光通信技术},
	keywords = {Fiber optics;Optical communications},
	address = {北京},
	publisher = {电子工业出版社},
	isbn = {978-7-121-19461-0},
	series = {Xin hao yu xin xi chu li ji shu cong shu}
}


% This file was created with Citavi 6.3.0.0

@book{Majumdar.2015,
	abstract = {This book provides a comprehensive, unified tutorial covering the most recent advances in the technology of free-space optics (FSO). It is an all-inclusive source of information on the fundamentals of FSO as well as up-to-date information on the state-of-the-art in technologies available today. This text is intended for graduate students, and will also be useful for research scientists and engineers with an interest in the field. FSO communication is a practical solution for creating a three dimensional global broadband communications grid, offering bandwidths far beyond what is possible in the Radio Frequency (RF) range. However, the attributes of atmospheric turbulence and scattering impose perennial limitations on availability and reliability of FSO links. From a systems point-of-view, this groundbreaking book provides a thorough understanding of channel behavior, which can be used to design and evaluate optimum transmission techniques that operate under realistic atmospheric conditions. Topics addressed include: -FSO Physical and Statistical Models: Single/Multiple Inputs/Outputs -Understanding FSO: Theory and Systems Analysis -Modulation and Coding for Free-Space Optical Channels -Atmospheric Mitigation and Compensation for FSO Links -Non-line-of-sight (NLOS) Ultraviolet and Indoor FSO Communications -FSO Platforms: UAV and Mobile -Retromodulators for Free Space Data links -Hybrid Optical RF Communications -Free-space and Atmospheric Quantum Communications -Other related topics: Chaos-based and Terahertz (THz) FSO Communications},
	author = {Majumdar, Arun K.},
	year = {2015},
	title = {Advanced free space optics (FSO): A systems approach},
	keywords = {Free space optical interconnects;Freie Wellenausbreitung;Optical communications;Optische Nachrichten{\"u}bertragung;Richtfunk{\"u}bertragung},
	address = {New York, NY},
	volume = {186},
	publisher = {Springer},
	isbn = {9781493909186},
	series = {Springer series in optical sciences}
}


% This file was created with Citavi 6.3.0.0

@book{Li.2015,
	abstract = {Ben shu nei rong ji ben shang ke yi fen wei 7 ge bu fen. Di 1 bu fen shi guang xue xi tong de xiang zhi ping jia. Di 2 bu fen shi guang xue zi dong she ji de yuan li yu cheng xu. Di 3 bu fen shi bian jiao ju xi tong de yuan li yu cheng xu. Di 4 bu fen shi guang xue xi tong de gong cha fen xi yu ji suan. Di 5 bu fen shi guang xue xi tong de huan jing wen du fen xi yu wu re she ji. Di 6 bu fen shi dian xing guang xue xi tong she ji. Di 7 bu fen shi dui pian zhen xiang cha, Fei qiu mian ying yong, Ji suan ji fu zhu guang xue zhuang diao, Yan she guang xue yuan jian, Fei cheng xiang guang xue xi tong, Kong jian guang xue xi tong, Hong wai guang xue xi tong yi ji qi ta yi xie guang dian xi tong jin xing le jie shao.},
	author = {Li, Lin and Huang, Yifan and Wang, Yongtian},
	year = {2015},
	title = {Xian dai guang xue she ji fang fa: Modern optical design},
	keywords = {Guang xue xi tong},
	address = {Beijing},
	edition = {Di 2 ban},
	publisher = {{Bei jing li gong da xue chu ban she}},
	isbn = {978-7-5682-0217-6}
}


% This file was created with Citavi 6.3.0.0

@book{Yoder.2006,
	author = {Yoder, Paul R.},
	year = {2006},
	title = {Opto-mechanical systems design},
	address = {Bellingham, Wash. and Boca Raton},
	edition = {3. ed.},
	volume = {105},
	publisher = {{SPIE Press} and {CRC, Taylor {\&} Francis}},
	isbn = {978-1-57444-699-9},
	series = {Optical science and engineering}
}
@book{ying.2007,
 abstract = {Ben shu fen wei wei xi tong he na mi ji shu ji chu, Wei xi tong ji shu, Na mi ji shu, Ying yong wen ti, Fa zhan he zhan wang wu bu fen.},
 author = {ying, Zhou zhao and lin, Wang zhong and wei, Lin li},
 year = {2007},
 title = {Wei xi tong he na mi ji shu},
 address = {Bei jing},
 publisher = {{Ke xue chu ban she}},
 isbn = {978-7-03-017771-1}
}

@book{yao.2011,
 abstract = {Shu zhong zhu yao jie shao le na mi guang tong xin ji shu de yan jiu yu ying yong, Zai zui hou geng ming que di lun shu le na mi guang tong xin xi tong de you yue xing ji qi ju xian xing, Bing ji chu le yi an wu zhi(dark matter)Zhong wei zi(neutrino)Wei xin xi zai ti de zhong wei zi tong xin fa zhan de mei hao qian jing.},
 author = {yao, Wang ting},
 year = {2011},
 title = {Na mi guang tong xin ji shu yu ying yong},
 address = {Bei jing},
 publisher = {{Guo fang gong ye chu ban she}},
 isbn = {978-7-118-07636-3}
}

% This file was created with Citavi 6.3.0.0

@article{曾智龙.2017,
	abstract = {逆向调制空间激光通信技术通过构建不对称空间激光通信链路,实现通信端的小体积、轻重量和低功耗设计,更加便于空间激光通信技术在中小平台的应用。在介绍逆向调制空间激光通信的技术原理和优势基础上,分析总结国内外该领域相关技术进展,提出了逆向调制激光通信技术的未来发展趋势。},
	author = {曾智龙 and 黄海洋 and 王侠 and 罗广军 and 刘兴},
	year = {2017},
	title = {逆向调制空间激光通信技术研究进展},
	keywords = {空间激光通信;逆向调制器;研究进展},
	pages = {16--19},
	volume = {41},
	number = {12},
	journal = {光通信技术}
}


@article{胡放荣.2010,
	abstract = {空间光调制器是自适应光学系统中用来实时校正波前畸变的关键器件,其发展水平能够反映整个自适应光学系统的水平。基于微电子机械系统(MEMS)技术的空间光调制器具有体积小、能耗低、驱动器单元密度高以及与集成电路工艺兼容性好等优点,而成为空间光调制器领域研究的热点。详细介绍了MEMS空间光调制器的研究现状和存在的主要问题,并分析了MEMS空间光调制器的未来发展趋势。},
	author = {胡放荣 and 熊显名},
	year = {2010},
	title = {MEMS空间光调制器的研究现状与发展趋势},
	keywords = {表面微加工;光束控制;空间光调制器;微电子机械系统},
	pages = {665-669+676},
	number = {05},
	journal = {半导体光电}
}


@article{李展.2007,
	abstract = {介绍了两类典型光学逆向调制器的工作原理,分析了它们面临的技术难题及各自的优缺点。综述了光学逆向调制技术的发展状况,讨论了它在无线光通信中的重要作用。探讨了国内发展光学逆向调制技术的技术瓶颈。},
	author = {李展 and 彭仁军 and 吴健 and 张俊玲},
	year = {2007},
	title = {光学逆向调制技术},
	keywords = {光通信;激光技术;逆向调制},
	pages = {47--51},
	number = {11},
	journal = {激光与光电子学进展}
}


@article{邱灏.2015b,
	abstract = {逆向调制光通信是一种新型的自由空间光通信技术,与传统的自由空间光通信系统不同,它采用光学逆向调制器作为调制器件,实现信息传输。文章介绍了逆向调制光通信的国内外研究现状,分析了逆向调制光通信系统的链路预算,并总结了逆向调制器的原理和分类,最后讨论了逆向调制光通信技术的发展趋势。},
	author = {邱灏 and 汪井源 and 徐智勇 and 韦毅梅 and 赵继勇},
	year = {2015},
	title = {逆向调制光通信技术},
	keywords = {``猫眼''效应;逆向调制器;视场角;自由空间光通信},
	pages = {29--33},
	volume = {36},
	number = {02},
	journal = {军事通信技术}
}


@article{任建迎.2017,
	abstract = {猫眼{\textquotedbl}逆向调制自由空间光通信链路通过逆向调制器对入射光调制并使其原路返回到发射端,链路只需要在一端使用搜索、捕获、跟踪系统,和传统终端相比重量轻、能耗小、费用低、组网灵活。文章首先对{\textquotedbl}猫眼{\textquotedbl}逆向调制自由空间光通信原理进行分析,介绍了{\textquotedbl}猫眼{\textquotedbl}光学系统和逆向调制器等核心元件的作用及特点,重点对{\textquotedbl}猫眼{\textquotedbl}光学系统优化方法及多量子阱电吸收型调制器和MEMS调制器的特点做了介绍,最后对MEMS调制器进行了简单的性能测试。},
	author = {任建迎 and 孙华燕 and 张来线},
	year = {2017},
	title = {``猫眼''逆向调制自由空间光通信技术},
	keywords = {MEMS;多量子阱调制器;猫眼光学系统;逆向调制},
	pages = {98--102},
	volume = {47},
	number = {01},
	journal = {激光与红外}
}


@article{孙华燕.2013,
	abstract = {介绍了逆向调制自由空间激光通信技术的原理和优势。分别对角反射器逆向调制器和猫眼逆向调制器的工作原理进行介绍,归纳这两种逆向调制器的不同实现类型及其特点,对逆向调制器的研究现状进行综述。概括了逆向调制自由空间激光通信技术的应用现状。讨论了逆向调制自由空间激光通信技术的关键技术和技术难点,展望了该技术未来的发展方向和应用前景。},
	author = {孙华燕 and 张来线 and 赵延仲 and 郑勇辉},
	year = {2013},
	title = {逆向调制自由空间激光通信技术研究进展},
	keywords = {光通信;角反射器;猫眼效应;逆向调制器},
	pages = {33--41},
	volume = {50},
	number = {04},
	journal = {激光与光电子学进展}
}


@article{张来线.2013,
	abstract = {猫眼逆向调制自由空间激光通信技术相比传统激光通信技术更具优势。本文介绍了逆向调制自由空间激光通信技术的原理和猫眼逆向调制终端的原理结构。综述了国内外猫眼逆向调制自由空间激光通信技术在调制器特性、猫眼光学系统和技术应用3个方面的研究现状。分析了猫眼逆向调制自由空间激光通信的关键技术。最后,展望了该项技术的应用前景。},
	author = {张来线 and 孙华燕 and 樊桂花 and 赵延仲 and 郑勇辉},
	year = {2013},
	title = {猫眼逆向调制自由空间激光通信技术的研究进展},
	keywords = {多量子阱调制器;猫眼效应;逆向调制器;自由空间激光通信},
	pages = {681--691},
	volume = {6},
	number = {05},
	journal = {中国光学}
}


% This file was created with Citavi 6.3.0.0

@phdthesis{.,
	abstract = {光学镜头中``猫眼''效应造成了照射光后向散射的增强,这种特性使得对方的激光主动侦察的精度大大提高,作用距离也有相当大的增加。因此,对``猫眼''效应应该进行深入研究。在本文中,我们发现,假如``猫眼''光学系统中的光敏面(或分划板)并不恰好位于其光学系统的焦点处时,其回波功率有明显不同的特点。通过对离焦时的``猫眼''系统的特性分析,发现了``猫眼''系统在前向离焦和后向离焦中其回波功率与离焦量的关系有较大的不同。然后对于这两种情况分别用Matlab 进行了仿真。证实了在前向离焦中,其回波功率下降迅速;而在后向离焦中,其离焦量与回波功率有一个很好的曲线关系,这使得应用``猫眼''系统后向离焦量的改变,来改变回波功率的大小,使传递信息的目的成为可能。本文的主要工作是,首先用光线追迹法对离焦时的``猫眼效应''进行了计算,得出了在``猫眼''系统出瞳处的光线位置和偏向角度,然后通过Matlab 进行仿真。在仿真中,引入\textgreek{b}因子来描述回波功率的状况, ``猫眼''系统的焦距选择为20 mm, 25mm,30mm等,计算了\textgreek{b}因子在前向离焦和后向离焦时的变化情况,发现前向离焦和后向离焦的回波功率与离焦量的关系有不同的特点。最后,设计了静态和动态两个实验,静态实验用反射面模拟光敏面,证实了前后离焦有不同的变化。当将反射面由后向前不断靠近镜头时,示波器中所显示的回波信号的峰峰值不断缓慢增大,当增大到最大值时,再继续向前移动反射面,回波信号的峰峰值迅速下降。动态实验利用后向离焦的特点,实现了短距离信息交换。},
	author = {卞学丽},
	title = {光学镜头``猫眼''效应分析及在短距离信息交换中的应用},
	keywords = {光线追迹;回波功率;离焦量;``猫眼''效应},
	school = {电子科技大学}
}


@phdthesis{曹杰昌.,
	abstract = {随着激光通信技术的发展和关键技术的突破,它已经被广泛地应用到社会的多个领域中,其中逆向调制激光通信系统以其特有的优势受到了社会的高度关注。本文以逆向调制激光通信系统为背景,对系统的核心组成部分主动端进行结构上的详细设计和控制系统的深入研究,并最终实现主动端的ATP技术。本文分析了逆向调制激光通信系统主动端的工作原理及关键技术,并依据设计要求对主动端的结构进行了详细的设计。为了精确地建立主动端的控制系统,实现其线下仿真实验,本文采用拟合阶跃响应曲线的方法建立主动端的数学模型,并采用根轨迹的方法详细设计了主动端控制回路中校正网络的参数,然后通过实验验证了主动端控制系统的正确性。为了提高主动端对目标光的跟踪精度,减轻主动端的负载,本文采用捷联稳定控制算法建立主动端的稳定控制平台。为了避免数字信号中的噪声在捷联稳定控制过程中被放大,从而影响跟踪精度,本文采用小波滤波的方法对光纤陀螺输出的角速度数字信号进行滤波处理。为了验证主动端的动态性能以及通信性能,搭建了包括上位机和下位机的主动端实验平台,对主动端进行了室内的动态性能测试实验,并在室外进行与逆向调制端的联合实验,实验表明主动端在满足各项动态性能指标的同时对目标光的跟踪精度小于150\textgreek{m}rad。},
	author = {曹杰昌},
	title = {逆向调制激光通信系统主动端设计},
	keywords = {捷联稳定平台;逆向调制激光通信系统;小波滤波;主动端},
	school = {长春理工大学}
}


@phdthesis{李元虎.,
	abstract = {逆向调制器具有逆向反射特性，询问光束入射逆向调制器后按原路返回，并通过改变反射光功率的方法实现调制，免去了传统自由空间光通信系统中一个终端的跟瞄系统，增加了通信系统应用的灵活性。``猫眼''逆向调制器是一种基于``猫眼''效应原理设计的逆向调制0/器件，巧妙的将调制器件与``猫眼''结构相结合，根据反射光功率与离焦量的对应关系，可以通过改变猫眼结构离焦量大小对通过``猫眼''结构的光功率进行调制以达到通信的目的。采用带有准直结构的白光LED作为光探，大口径透镜和贴有反射膜的动圈器件作为逆向调制器，通过室内信道，经过FSK调制实现了近距离数据传输，所做的主要工作如下：
	
	(1)根据课题要求，结合逆向调制器的特性，确定了总体设计方案，其中包括调制终端光学器件、电路、传输链路和接收终端的软件及硬件设计等。
	
	(2)对逆向调制的调制原理进行了详细的建模和分析，根据课题需求，设计了调制终端光路和电路，主要任务为逆向调制器件结构参教的选择，调制器件驱动电路的设计。
	
	(3)对接收端信号进行分析，设计接收端电路，其中主要任务是建立接收端探测采集方案，针对微弱的接收信号进了隔直、滤波和放大电路的设计。
	
	(4)根据调制和解调方案进行软件设计，主要包括采用ARM7实现FSK调制的程序和MATLAB实现采集信号解调的程序。
	
	按照总体设计方案，进行了逆向调制系统总体光路的搭建，站台调制和接收电路，最终进行了室内短距离的LED光源逆向调制的数据传输。},
	author = {李元虎},
	title = {光通信中逆向调制技术的研究},
	keywords = {反射光功率;光通信;逆向调制器;频移键控;调制解调},
	school = {西安理工大学}
}


@phdthesis{李展.,
	abstract = {随着光电技术的迅速发展,无线光通信技术也得到迅猛的发展,近年来逆向调制光通信技术作为一种新型的无线光通信技术,以其方向性强、反应速度快,结构简单,视场角大的优点被各国重视并进行广泛研究,光学逆向调制器是逆向调制无线光通信技术的关键所在,由于``猫眼''结构光学逆向调制器对调制器件的尺寸要求相对较小且视场角较大,因此成为近期研究的热点,本文正是针对这种光学逆向调制器展开了研究。	首先阐述了``猫眼''结构光学逆向调制器的工作原理,提出两种``猫眼''结构光学逆向调制器,并分析这两种光学结构的可行性。	其次对分离式``猫眼''结构光学逆向调制器进行深入研究,通过对激光照射``猫眼''目标回波功率的分析,发现``猫眼''系统在前向离焦和后向离焦中其回波功率与离焦量的关系有较大的不同,通过用MATLAB软件进行仿真,证实在前向离焦中回波功率在反射面靠近焦点区域变化非常小,然后随离焦量继续增大而减小;在后向离焦中,回波功率随离焦量的增大而减小;前向离焦和后向离焦中都存在一段区域,离焦量与回波功率成一条很好的曲线关系;这使得利用这种现象,进行激光通信成为可能。	然后设计大视场``猫眼''结构光学逆反器,利用光学设计软件进行结构优化和分析评价,选取合适的红外光学材料,采用四片国产球面光学玻璃和一个反射曲面设计出视场角为20度的光学逆反器。	最后根据实验室条件构建一个初步的实验系统来验证``猫眼''结构光学逆向调制器在不同角度下的回波情况,证实了前后离焦情况下回波功率的不同变化,在入射角为3度时当反射面由后到前的移动过程中,示波器所显示的回波信号的峰峰值先是不断缓慢增大接着保持最大值不变后迅速下降;接着进行了短距离的音频传输实验。},
	author = {李展},
	title = {大视场``猫眼''结构光学逆向调制器研究},
	keywords = {大视场;光学设计;离焦量;``猫眼''效应;逆向调制},
	school = {电子科技大学}
}


@phdthesis{魏宾.b,
	abstract = {``猫眼''逆向器是以``猫眼''效应为基础，主要应用于远距离的光通信领域。随着压电材料的不断成熟和光调制技术的不断发展，``猫眼''逆向器与压电技术相结合，在新的领域内得到了更为广泛的应用。本文以``猫眼''逆向调制技术在信号传输和识别领域的应用为背景，开展了其作为无线光信号传输技术的应用研究，同时开展了红外无线光学门禁中相关电路的研发，主要研究内容如下：	1.光学逆向器在无线光信号传输中的应用	(1)根据光学逆向器结构建立相应理论模型，开展了理论研究：对于相干光条件下的``猫眼''系统，用傅立叶方法进行分析，得到在近旁轴条件下，``猫眼''结构具有良好的光学逆向性能的结论；对于非相干光条件下的``猫眼''系统，用传输矩阵的方法进行分析，亦得出了类似的结论。并进一步对离焦型``猫眼''系统进行了分析，得到了其在不同作用距离、焦距、探测器面积下，其反射率随离焦量的变化关系，从理论上验证了该系统进行逆向光信号传输的可行性。	(2)在理论研究的基础上，开展了基于激光光源的``猫眼''系统实验研究：首先，设计了离焦型``猫眼''逆向调制器的结构和实现方案。其次，完成了整个系统的实现，包括光学平台搭建、驱动电路和信号处理电路的研发。最后，利用搭建好的系统开展实验，成功对光信号进行调制，并在接收端实现了对信号的解调，完成了信息的传输与识别。该系统的传输速率达到600bit/s，验证了此技术应用于身份识别领域的可行性。	(3)为了实现低成本的目标，在激光``猫眼''逆向器的基础上，本文采用红外LED替代了激光光源，重新设计了结构，搭建平台，开展了一系列实验，验证了红外``猫眼''系统应用于远程门禁的可行性。	2.门禁系统中相关支持电路的研发	(1)钥匙支持电路：设计并实现了以STC12C2052单片机为核心器件的电路，其主要功能为驱动调制信号的发生，通过将所产生的信号加载到压电片上使其振动来完成``猫眼''系统对传播光线的调制。此电路同时可以完成密码的写入和更改等辅助功能。	(2)锁体支持电路：成功实现了对接收端信号进行解调和信息处理的主要功能，通过放大、滤波、包络检测等相关处理解调出相关信息，并通过与单片机储存的密码相对比、判断进行相关的信息处理，能够实现开锁或声光报警并暂时停止开锁等功能。此电路同时支持密码的写入、密码的更改。},
	author = {魏宾},
	title = {基于声换能器的``猫眼''逆向光调制技术及应用},
	keywords = {``猫眼''效应;逆向调制;声换能器;压电效应},
	school = {电子科技大学}
}


@phdthesis{张俊玲.,
	abstract = {传统的无线光通信系统要求通信的两端必须安装有激光发射机和接收机,一旦两个终端发生相对运动还要安装复杂的跟踪和瞄准系统,大大提高了系统的技术难度。应用光学逆向调制技术的光通信系统采用调制逆向回波进行通信,免去了其中一个终端的跟踪和瞄准系统,减轻了其中一个终端的体积和重量,增加了通信系统应用的灵活性。相对于传统的无线激光通信系统,逆向调制激光通信系统无需对发射端进行精确定位,方向性强、反应速度快、结构简单、视场角大。设计了一种光学逆向调制器,该逆向调制器利用了超磁致伸缩材料的伸缩特性和受抑全反射原理。主要研究内容如下:	1.阐明光学逆向调制器在无线激光通信及激光敌我识别系统中的可用之处,介绍了光学逆向调制器的工作原理、分类、技术特点以及国内外的发展动态。	2.根据薄膜理论,利用已有的受抑全内反射(FTIR)的理论,绘制出透射率、反射率随棱镜相对间隙、入射角的变化曲线。以受抑全内反射理论为基础,提出了光学逆向调制器的基本方案,介绍了该光学逆向调制器的工作原理。	3.在设计方案中利用超磁致伸缩材料作为致动结构,分析了超磁致伸缩材料伸缩机理、控制模型,设计了用于光学逆向调制器的致动器结构,对该结构中的相关技术进行了分析与设计,其中包括对致动器的磁场、预应力与位移的输出系统的分析与设计,并对致动器的工作频率进行了初步计算。	4.利用ANSYS有限元分析软件对致动器的磁场分布进行了模拟仿真,仿真结果表明该致动器中的磁场分布能够满足逆向调制器的工作要求。最后设计加工了逆向调制器的结构。	5.构建了一个初步的实验系统来验证逆向调制器的致动特性,实验结果表明在0 ~15V电压驱动下,产生位移在0.1\textgreek{m}m～1\textgreek{m}m区域内,此位移变化量满足受抑全内反射用于调制的条件,证明了基于GMM的光学逆向调制系统设计方案的可行性。},
	author = {张俊玲},
	title = {基于超磁致伸缩材料的光学逆向调制器初步研究},
	keywords = {超磁致伸缩材料;逆向调制技术;受抑全内反射;致动器},
	school = {电子科技大学}
}


% This file was created with Citavi 6.3.0.0

@article{Jiang.2001,
	author = {Jiang, Yi and Cao, Zhuangqi and Chen, Guang and Dou, Xiaoming and Chen, Yingli},
	year = {2001},
	title = {Low voltage electro-optic polymer light modulator using attenuated total internal reflection},
	pages = {417--420},
	volume = {33},
	number = {6},
	issn = {00303992},
	journal = {Optics {\&} Laser Technology},
	doi = {10.1016/S0030-3992(01)00052-4}
}


@inproceedings{Mikaelian.916March2002,
	author = {Mikaelian, T. and Weel, M. and Kumarakrishnan, A. and Battle, P. R. and Swanson, R. C.},
	title = {A high-speed retro-reflector for free-space communication based on electro-optic phase modulation},
	pages = {3-1487-3-1492},
	publisher = {IEEE},
	isbn = {0-7803-7231-X},
	booktitle = {Proceedings, IEEE Aerospace Conference},
	year = {9-16 March 2002},
	doi = {10.1109/AERO.2002.1035286}
}


@article{OCallaghan.2003,
	abstract = {The electrostatic model of thresholdless V-shaped switching is able to explain the general low frequency (quasistatic) electro-optic behavior of smectic-C* ferroelectric liquid crystals (vFLCs). Here, dynamical equations based on the electrostatic model are developed which predict a vFLC cell's small-amplitude switching speed and which also show that a strongly amplitude-dependent switching speed is expected. A relationship between the switching time constants of analog vFLCs and of the faster, yet structurally similar, binary FLCs is found. The electrostatic model applies in the limit where the FLC's spontaneous polarization is large enough to completely overwhelm surface and elastic forces. This analysis suggests that, in many cases of practical interest, electrostatic energies may be low enough for surface forces to play an important role even when the director structure is strongly stiffened by a large polarization charge. It is shown that the addition of surface forces to the electrostatic model can improve agreement between the model and the observed dynamical response of vFLC cells.},
	author = {O'Callaghan, Michael J.},
	year = {2003},
	title = {Switching dynamics and surface forces in thresholdless {\textquotedbl}V-shaped{\textquotedbl} switching ferroelectric liquid crystals},
	pages = {011710},
	volume = {67},
	number = {1 Pt 1},
	issn = {1539-3755},
	journal = {Physical review. E, Statistical, nonlinear, and soft matter physics},
	doi = {10.1103/PhysRevE.67.011710}
}


@article{Rabinovich.2003,
	author = {Rabinovich, W. S. and Mahon, R. and Goetz, P. G. and Waluschka, E. and Katzer, D. S. and Binari, S. C. and Gilbreath, G. C.},
	year = {2003},
	title = {A cat's eye multiple quantum-well modulating retro-reflector},
	pages = {461--463},
	volume = {15},
	number = {3},
	issn = {1041-1135},
	journal = {IEEE Photonics Technology Letters},
	doi = {10.1109/LPT.2002.807904}
}


@inproceedings{Spirou.916March2002,
	author = {Spirou, G. and Yavin, I. and Weel, M. and Mikaelian, T. and Vorozcovs, A. and Andreyuk, A. and Kumarakrishnan, A. and Battle, P. R. and Swanson, R. C.},
	title = {A high-speed modulated retro-reflector for lasers},
	pages = {3-1481-3-1486},
	publisher = {IEEE},
	isbn = {0-7803-7231-X},
	booktitle = {Proceedings, IEEE Aerospace Conference},
	year = {9-16 March 2002},
	doi = {10.1109/AERO.2002.1035285}
}


@article{刘璐.2004,
	author = {刘璐 and 汤俊雄 and 石珏 and 张治国 and 黄绮 and 付盘铭},
	year = {2004},
	title = {采用多量子阱器件的无线光通信差拍接收方案研究},
	pages = {1079--1084},
	volume = {24},
	number = {8},
	journal = {光学学报}
}


@article{邱灏.2015,
	abstract = {逆向调制光通信是自由空间光通信的一种特殊形式,它的系统包括两个不对称的终端：询问端和逆向调制端,询问端由光发送机和光接收机组成,逆向调制端由逆向调制装置组成。逆向调制光通信可实现逆向调制端对询问端的单向通信,它具有视场角大、功耗低、体积小等优点,适合于小平台工作环境。与传统自由空间光（FSO）通信相比,逆向调制光通信系统无需复杂的跟瞄系统,但通常只能完成逆向调制端对询问端的单向通信。如果要实现逆向调制光通信的全双工通信,可以考虑从调制方式和系统设计上进行研究。本文从调制方式出发提出了一种单光源全双工逆向调制光通信方案,仿真分析了方案的信号传输过程,实现了室内近距离逆向调制单光源全双工光通信实验,验证了方案的可行性。},
	author = {邱灏 and 汪井源 and 徐智勇 and 韦毅梅 and 赵继勇},
	year = {2015},
	title = {单光源全双工逆向调制的光通信技术研究},
	pages = {2314--2319},
	number = {12},
	journal = {光电子·激光}
}


% This file was created with Citavi 6.3.0.0

@article{Honghui.2013,
	abstract = {Retroreflective free-space optical communication is important because of advantages such as small volume, low weight, and low power consumption. Link failure caused by bad weather conditions will occur because of the attenuated retroreflective signal and the increased scattering of the transmitted light. The scattering effect can be reduced because the physical properties (including polarization, wavefront, and phase) of the scattering signal are different from those of the retroreflective signal. The physical properties of the scattering signal are obtained using a polarization-sensitive Monte Carlo model, and the heterodyning scattering signal is obtained using heterodyning theory. Results show that, with optical heterodyning, the scattering effect is efficiently reduced, and advantages such as better adaptability to bad weather conditions, longer communication range, more compact transceiver design, larger covering area of the optical receiver, and easier target acquisition for the retromodulator than before can also be obtained.},
	author = {Honghui, Jia and Hongwei, Yin and Hailiang, Zhang and Xiaofeng, Wang and Shengli, Chang and Juncai, Yang},
	year = {2013},
	title = {Study on the heterodyning scattering of retroreflective free-space optical communication with optical heterodyning},
	pages = {2286--2290},
	volume = {30},
	number = {11},
	journal = {Journal of the Optical Society of America A Optics Image Science {\&} Vision}
}


% This file was created with Citavi 6.3.0.0

@article{李长盈.2018,
	abstract = {逆向调制自由空间激光通信(MRR FSO)系统是将传统FSO链路的一个终端替换成逆向调制器(MRR)而构成的一个非对称FSO系统,因其功耗低、MRR端体积小和易安装等优点,成为自由空间光通信技术研究热点之一。针对MRR FSO系统现存在的捕获系统复杂、对准难度大等技术难题,在原有MRR FSO系统的基础上设计了一种全双工MRR FSO系统。其中光收发机端的共用光学天线模块采用较大孔径的反射式天文望远镜系统,主要用来减小光束发散角、增加接收孔径。MRR端采用单个大尺寸或多个小尺寸MRR器件,来提升反射光信号质量,并搭建室外长距离实验系统,对该MRR FSO系统进行测试,验证了该系统的合理性。结果表明,所设计的全双工MRR FSO系统在长距离全双工激光通信是可行的,为最终实现长距离全双工MRR FSO系统做铺垫,是未来MRR FSO技术的发展方向之一。},
	author = {李长盈 and 杨国伟 and 毕美华 and 李晶 and 李娜 and 耿虎军},
	year = {2018},
	title = {全双工逆向调制自由空间激光通信系统的设计与分析},
	keywords = {逆向调制;全双工;望远镜系统;自由空间激光通信},
	pages = {244--248},
	volume = {48},
	number = {03},
	journal = {无线电工程}
}


@misc{杨国伟.2014,
	abstract = {本发明公开一种全双工调制回复反射无线光通信系统及其通信方法。此系统由光收发器端和调制回复反射器端构成。光收发器端向调制回复反射器端发射经过调制的光束。一部分光束将被调制回复反射器端的光探测器接收并解调出光束所携带的数据,此为前向链路；一部分光束将被调制回复反射器端的调制回复反射器接收并调制上此终端的数据,接着此光束将被逆向反射回光收发器端,光收发器端的光探测器则将接收到逆向反射光并解调出回传数据,此为后向链路。本发明的调制回复反射器端功耗低,结构紧凑,适合工作在资源有限的场合。另外,本发明的前向和后向数据传输是同时进行的。因此,本发明有着非常多的重要应用,如无人机通信、目标识别、环境监测等。},
	author = {杨国伟 and 魏一振 and 卢旸 and 钱正丰 and 周雪芳 and 李齐良},
	year = {2014},
	title = {全双工调制回复反射无线光通信系统及其通信方法},
	number = {CN103973367A}
}


@misc{杨国伟.2014b,
	abstract = {本实用新型公开一种全双工调制回复反射无线光通信系统。此系统由光收发器端和调制回复反射器端构成。光收发器端向调制回复反射器端发射经过调制的光束。一部分光束将被调制回复反射器端的光探测器接收并解调出光束所携带的数据,此为前向链路；一部分光束将被调制回复反射器端的调制回复反射器接收并调制上此终端的数据,接着此光束将被逆向反射回光收发器端,光收发器端的光探测器则将接收到逆向反射光并解调出回传数据,此为后向链路。本实用新型的调制回复反射器端功耗低,结构紧凑,适合工作在资源有限的场合。另外,本实用新型的前向和后向数据传输是同时进行的。},
	author = {杨国伟 and 魏一振 and 卢旸 and 钱正丰 and 周雪芳 and 李齐良},
	year = {2014},
	title = {一种全双工调制回复反射无线光通信系统},
	number = {CN203840342U}
}


@misc{张鹏.2015,
	abstract = {全双工猫眼逆向调制回复自由空间激光通信系统,属于无线通信技术领域,为解决现有技术存在系统通信速率低的问题,激光器一和发射数据源均连接DPSK调制器,DPSK调制器和激光器二均连接光纤放大器一,两束通信光经过放大后与光纤环行器一端口a连接,端口b与光学天线连接,端口c与光电探测器一连接,光电探测器一与DPSK解调器一连接；猫眼光学系统与光学天线同轴设置；光学滤波分束镜设置在猫眼光学系统和激光准直镜之间,且与猫眼光学系统成45°；激光准直镜连接光纤环行器二的端口d,端口e、光纤放大器二和DPSK调制器二依次连接,DPSK调制器另一端与光纤环行器二的端口f连接；光电探测器二和DPSK调制器连接。},
	author = {张鹏 and 王天枢 and 李晓燕 and 董科研 and 姜会林},
	year = {2015},
	title = {全双工猫眼逆向调制回复自由空间激光通信系统},
	number = {CN104270193A}
}


@article{张鹏.2015b,
	abstract = {基于逆向调制反射器(MRR)的空间光通信系统因其结构紧凑、可免去链路一端的捕跟(APT)系统、功耗低等优点,是空间光通信系统研究热点之一。提出采用双波长激光发射实现全双工逆向调制回复空间光通信结构,并基于该结构对强度调制解调模式,通信距离为300 km,通信速率为1 GHz下的地面站对近地小卫星全双工通信链路进行了链路计算及通信误码率的分析。当MRR端口径为0.1 m时,通信链路余量大于5 d B,通信误码率优于10-15,满足通信链路的要求。并进一步分析了仿真结果存在的缺陷。结果表明所提出的空间光通信结构在小卫星对地面站全双工激光通信是可行的,是未来空间光通信系统发展趋势之一。},
	author = {张鹏 and 王天枢 and 杨国伟 and 贾青松 and 马万卓 and 张立中 and 佟首峰 and 姜会林},
	year = {2015},
	title = {全双工逆向调制回复空间光通信系统性能评价},
	keywords = {空间光通信;逆向调制回复器;全双工},
	pages = {2506--2510},
	volume = {44},
	number = {08},
	journal = {红外与激光工程}
}


% This file was created with Citavi 6.3.0.0

@article{白帅.2015,
	abstract = {空间光通信经历了几十年的发展,已经演变出两代光通信终端,并完成多次在轨实验。概述了空间光通信的整体发展历史,详细介绍了欧洲、日本和美国的空间光通信的发展历程,并对其中较为典型的终端或实验及其关键技术进行着重阐释。简要介绍了国内的发展现状,分析了空间光通信的发展趋势,并指出技术上面临的挑战。},
	author = {白帅 and 王建宇 and 张亮 and 杨明冬},
	year = {2015},
	title = {空间光通信发展历程及趋势},
	keywords = {捕获跟踪瞄准系统;光通信;空间激光通信;量子通信;深空光通信},
	pages = {7--20},
	number = {07},
	journal = {激光与光电子学进展},
	doi = {10.3788/LOP52.070001}
}


@article{姜会林.2015,
	abstract = {针对目前空间激光通信的背景需求,介绍了国内外星、空、地、海等平台间的空间激光通信研究与试验现状。通过对空间激光通信现状的分析,并结合科研实践,归纳出空间激光通信的高速率、网络化、多用途、一体化、多谱段5个未来发展趋势。在此基础上,从空间激光通信系统的光学结构、通信收发以及环境影响等方面,着重分析了高质量光学系统设计、高精度捕获对准跟踪、大气信道影响补偿、高速率高功率发射、高灵敏度低误码探测、一对多通信网络、平台振动与姿态补偿、器件部件空间适应性8项关键技术,并提出相关技术的解决方法和途径,进而给出须进一步深入研究的方向,展示了空间激光通信良好的应用前景。},
	author = {姜会林 and 安岩 and 张雅琳 and 江伦 and 赵义武 and 董科研 and 张鹏 and 王超 and 战俊彤},
	year = {2015},
	title = {空间激光通信现状、发展趋势及关键技术分析},
	keywords = {机载激光通信;激光通信网络;空间激光通信;深空光通信;星载激光通信},
	pages = {207--217},
	number = {03},
	journal = {飞行器测控学报}
}


% This file was created with Citavi 6.3.0.0

@article{.2016,
	abstract = {随着空间激光通信技术的发展以及建立抗干扰高速天空地一体化信息网络的需要,研究空间激光通信组网技术迫在眉睫.在分析空间激光通信组网技术难点的基础上,提出了一种新的激光通信组网方案.利用广角扩束镜与双光楔组结合作为多点激光通信系统的光学天线,广角扩束镜可实现对不同方位目标信号光的收集,双光楔组可实现对不同方位目标的同时动态跟踪.以此光学天线为基础,研究了可实现一对多同时空间激光通信的总体方案,设计了系统中的光学天线、中继光学分系统、收发分光分系统等.该方案可为空间激光通信组网提供一种新的技术途径.},
	author = {江伦 and 胡源 and 王超 and 安岩 and 董科研 and 张立中},
	year = {2016},
	title = {一点对多点同时空间激光通信光学系统研究},
	keywords = {光通信;广角扩束镜;双光楔组;组网},
	pages = {37--43},
	number = {05},
	journal = {光学学报}
}


@article{JiangHuilin.2012,
	author = {{Jiang Huilin}, 姜会林 and {Hu Yuan}, 胡源 and {Ding Ying}, 丁莹 and {Fu Qiang}, 付强 and {Zhao Yiwu}, 赵义武 and {Dong Keyan}, 董科研 and {Song Yansong}, 宋延嵩 and {Lou Yan}, 娄岩},
	year = {2012},
	title = {Optical Principle Research of Space Laser Communication Network},
	pages = {1006003},
	volume = {32},
	number = {10},
	issn = {0253-2239},
	journal = {Acta Optica Sinica},
	doi = {10.3788/AOS201232.1006003}
}


@article{张雅琳.2016,
	author = {张雅琳 and 安岩 and 姜会林 and 王超 and 江伦 and 胡源 and 董科研 and 战俊彤 and 韩龙},
	year = {2016},
	title = {空间激光通信一点对多点光学原理与方法的比较研究},
	pages = {165--171},
	volume = {37},
	number = {1},
	journal = {兵工学报}
}


% This file was created with Citavi 6.3.0.0

@article{郑阳.2013,
	author = {郑阳 and 姜会林 and 佟首峰 and 郑建平 and 贺文俊},
	year = {2013},
	title = {基于相干激光通信的空间光混频器光机结构设计},
	pages = {59--64},
	volume = {33},
	number = {9},
	journal = {光学学报}
}



%---------------------------------------------------------------------------%
