% This file was created with Citavi 6.2.0.12

@book{A.2017,
 author = {{A.Forsyth（戴维·A.福赛斯）JeanPonce（简·泊斯） David}},
 year = {2017},
 title = {计算机视觉一种现代方法（第二版）（英文版）},
 publisher = {电子工业出版社},
 isbn = {9787121276170}
}


@book{chen.b,
 author = {陈兵旗},
 title = {机器视觉技术及应用实例详解},
 isbn = {9787122198044}
}


@book{yong.2013,
 abstract = {Ben shu ti chu le wang luo hua duo mu shi jue zai xian kuai su jian ce li lun yu xi tong, Xi tong di jie shao le ji qi shi jue zi dong jian ce ling yu de zhi shi he ji shu.},
 author = {yong, Yu wen and hui, Shi},
 year = {2013},
 title = {机器视觉自动检测技术},
 address = {Bei jing},
 publisher = {{Hua xue gong ye chu ban she}},
 isbn = {7122176827}
}


@book{zhang.2017,
 author = {章毓晋},
 year = {2017},
 title = {计算机视觉教程（第2版）},
 publisher = {人民邮电出版社},
 isbn = {9787115441546}
}


@book{zhangke.2013,
 author = {张学武},
 year = {2013},
 title = {视觉检测技术及智能计算},
 publisher = {中国质检出版社},
 isbn = {9787121191992}
}


@book{Zhao.2012,
 author = {Zhao, Peng},
 year = {2012},
 title = {机器视觉研究与发展},
 keywords = {Computer vision;Image processing},
 address = {Beijing},
 edition = {Di yi ban},
 publisher = {{Ke xue chu ban she}},
 isbn = {9787030353238}
}




