% This file was created with Citavi 6.2.0.12

@phdthesis{.,
 abstract = {电子封装技术是MEMS产品生产中的多项关键技术之一,封装技术及封装质量直接影响产品的电性能、可靠性以及耐久性等性能。通常,MEMS器件封装形式包括全气密封装、塑料封装、WLP(晶圆级封装)、预成型封装以及BGA(球栅阵列封装)封装等,论文介绍了全气密封装和WLP,并重点对塑料封装、预成型封装和BGA封装技术及问题进行了研究。本研究内容对提高MEMS器件封装体的可靠性和电气性能,提高MEMS器件的封装良率和降低生产成本都有重要意义。论文内容主要包括:1.研究分析了MEMS器件电子封装的传统塑封工艺流程和预成型封装工艺流程;分析了封装体的结构问题、MEMS器件封装中用到的引线框架、芯片黏结剂及塑封材料的有关问题;对MEMS器件封装中涉及的焊线机、上片机、塑封机等技术设备进行了介绍。2.对MEMS器件封装体电气性能有关键影响的基板设计和引线框架设计进行了较深入研究。以一款BGA基板设计的研究为例,分析了材料性能对基板电气的影响,并进行了仿真研究,研究发现用BT树脂作为封装基板材料能够使基板取得理想的电性能。进行了从基板叠层设计到布线设计,到电气仿真的研究;采用不同的两种方案对同一款基板进行了设计,分析对比了两种设计方案在电气方面的异同和优缺点,研究发现两种方案设计的基板在焊线设计、布线设计、传输延时、RLC参数、信号串扰等方面各有优缺点。3.介绍了QFN引线框架的设计方法,研究了一款QFN引线框架在大焊盘和引脚焊盘方面的改进设计,改进后的引线框架有效提高了MEMS器件封装体后期电气性能的可靠性。4.分析了MEMS器件封装预成型管壳制造中存在的溢胶原因及溢胶对MEMS器件封装体电气性能的影响。从模具型腔、引线框架背面、引线框架正面三个溢胶位置进行了溢胶的分析研究,分别提出了溢胶问题解决的技术方案。通过分析封装工艺,协同调整合模力、注塑压力及注塑时间等工艺参数理想的解决了一款用于MEMS器件封装的预成型管壳溢胶问题。},
 author = {高瑞鑫},
 title = {新型MEMS器件电子封装技术的研究},
 keywords = {MEMS电子封装;电气性能;基板设计;溢胶;引线框架},
 school = {山东师范大学}
}


@article{.2018,
 abstract = {研制了一种基于微机电系统(MEMS)技术的压阻式绝缘体上硅(SOI)高温压力传感器芯片。压力敏感电阻器与衬底之间采用二氧化硅介质隔离,解决了传统的PN结隔离方式在高温条件下的漏电失效问题。研制的高温压力芯片压力量程为0{\~{}}2 MPa,室温1 m A条件下满量程输出信号达到100 m V以上,非线性小于0.15{\%}FS,压力迟滞小于0.05{\%}FS。在-55{\~{}}+150℃温度范围内,零点温度系数小于20\textgreek{m}V/℃,灵敏度温度系数小于0.02{\%}FS/℃,零点温度迟滞小于0.1{\%}FS。将芯片样本在150℃环境下进行了短期零点时漂测试验证其稳定性,结果优于0.05{\%}FS。},
 author = {郭玉刚 and 饶浩 and 陶茂军 and 田雷 and 吴佐飞},
 year = {2018},
 title = {MEMS SOI高温压力传感器芯片},
 keywords = {绝缘体上硅;微机电系统;稳定性;压力传感器},
 pages = {92--95},
 volume = {37},
 number = {11},
 issn = {2096-2436},
 journal = {传感器与微系统}
}


@article{.2018b,
 abstract = {微机械系统是一种具有多功能用途的新兴技术。微机械系统传感器具有体积小、成本低等优点,但是相对而言,其随机误差较大。由于具有相同规格的MEMS惯性传感器之间的误差特性差异很大,因此很难准确对传感器误差进行建模。在集成三轴陀螺仪和三轴加速度计的过程中,由于焊接原因会导致安装误差。低精度的MEMS惯性传感器误差源为零偏、标度因数和较大的安装误差,根据这些误差源建立准确的误差模型,并通过三轴加速度计和三轴陀螺仪的修正验证了六位置试验的有效性。另外提出了一种识别敏感轴与测量矢量交叉角的方法,实验结果表明该标定方法能有效地校正MEMS惯性传感器的偏差、刻度因子和安装误差。},
 author = {杨庆江 and 李国庆},
 year = {2018},
 title = {低精度MEMS IMU的标定方法及误差分析},
 keywords = {标定方法;加速度计;陀螺仪;误差分析},
 pages = {153-157+161},
 number = {10},
 issn = {1001-9227},
 journal = {自动化与仪器仪表}
}


@article{.2018c,
 abstract = {溅射工艺是制作微机电系统(MEMS)器件金属薄膜的主要方式,金属薄膜作为MEMS器件中的掩模层和功能层,要求薄膜应力小,粘附性、均匀性和可焊性好。通过对常用金属薄膜材料特性、多层金属薄膜溅射工艺和质量评价方法的研究得出了优化工艺的的方法,提高了多层金属薄膜的质量。},
 author = {张旭 and 罗昕颉 and 侯占强 and 肖定邦 and 吴学忠},
 year = {2018},
 title = {MEMS器件中多层金属薄膜溅射工艺研究},
 keywords = {多层金属薄膜;溅射;评价方法},
 pages = {11--14},
 number = {01},
 issn = {2096-2436},
 journal = {传感器与微系统}
}


@article{.2018d,
 abstract = {研究分析了多功能模块化MEMS的背景、发展现状及工艺,采用模块化技术,研究具有一定通用性的多功能组装模块和封装模块,并将柔性自动化微操作技术与模块化MEMS组装与封装工艺设备结合起来,研究适用于多种MEMS器件、高效率、高质量的柔性自动化MEMS组装与封装关键设备,实现MEMS从组装到封装的后端制造柔性自动化操作的解决方案,符合我国目前MEMS发展现状,可以满足MEMS技术发展的多种需求。},
 author = {张志能},
 year = {2018},
 title = {多功能模块化MEMS组装与封装设备研究分析},
 keywords = {多功能模块化;封装设备;微机电系统},
 pages = {1--6},
 number = {04},
 journal = {电子工业专用设备}
}


@article{.2018e,
 abstract = {微热板式气体传感器具有功耗低、体积小和灵敏度高等优点,具有良好的产业化前景,而传感器芯片批量制造成品率与单芯片加工成本是其能否产业化的关键。在传感器芯片批量制造中引入成熟标准CMOS工艺,采用四臂支撑悬空结构,以钨为加热丝,多层介质薄膜为机械支撑膜,顶层金属为气敏电极;作为对比,同时设计了MEMS工艺流程,制造了以铂为加热丝,PECVD氧化硅和氮化硅为机械支撑膜,黄金气敏电极的相同结构传感器芯片。对比了工艺成本和器件性能,CMOS微热板芯片的功耗、热响应、热稳定性以及成本等性能均达到甚至优于MEMS微热板水平。由于CMOS工艺线量产能力和加工精度均优于常见MEMS工艺线,因此单芯片成本更低,集成度更高,非常适合微热板式气体传感器阵列芯片的产业化生产制造。},
 author = {李中洲 and 余隽 and 周君伟 and 耿万鑫 and 唐祯安},
 year = {2018},
 title = {用于气体传感器的微热板工艺流程与性能对比},
 keywords = {MEMS工艺;标准CMOS工艺;热稳定性;微热板气体传感器},
 pages = {17--20},
 number = {01},
 journal = {仪表技术与传感器}
}


@article{Das.2018,
 abstract = {The developments in structural health monitoring techniques have led to

the invention of various sensors that can be effective damage indicator.

Due to environmental or electromagnetic effects and need for constant

energy source, the traditional sensors are unable to provide accurate

and continuous measurements. In light of these events, new and improved

sensors have been developed, along with wireless technology, to assist

the monitoring process. With the need of detecting more than one damage

parameters, multiplexed sensors have been the main interest of

researchers. This paper deals with the different sensors used for

determination of strain, acceleration and corrosion. A brief comparative

study has been performed and presented in the following review paper.

Multiplexed Fiber optics sensor have proved quite effective for SHM and

proved to be a good competitor with other sensors. Optimum Sensor

Placement technique developed for low level damage diagnosis is Iterated

Improved Reduced System (IIRS) Method.},
 author = {Das, Swagato and Saha, Purnachandra},
 year = {2018},
 title = {A review of some advanced sensors used for health diagnosis of civil  engineering structures},
 keywords = {Accelerometers;Corrosion sensors;Dynamic monitoring;Fiber optic sensors;MEMS;Multiplexed sensor;Non-contact sensor;Optimal sensor placement;Strain sensors},
 pages = {68--90},
 volume = {129},
 issn = {0263-2241},
 journal = {MEASUREMENT},
 doi = {10.1016/j.measurement.2018.07.008}
}


@article{Yocom.2018,
 abstract = {Laser peen forming (LPF) is a non-contact sheet metal forming process,

in which a laser-induced shock wave is utilized to accurately bend,

shape, precision-align, adjust, and/or repair engineering components.

Due to its combination of exceptional manufacturing advantages,

including non-thermal, no hard tooling, high process flexibility and

controllability, and peening effect for enhanced material durability,

LPF has been used for widespread industry applications in aerospace,

automotive, shipbuilding, biomedical devices, microelectronics, and

microelectromechanical system (MEMS). As a state-of-the-art technology,

ongoing investigations are being conducted to improve the efficacy of

LPF. This paper aims at reviewing the research and development status of

LPF. The LPF process design, forming mechanisms, and simulation

methodologies are discussed. The deformation behaviors as affected by

laser processing parameters, including laser intensity, material

thickness, overlapping ratio, and number of scanning tracks, are

reviewed. In addition, the recent advances in femtosecond LPF and

heat-assisted LPF are studied. (C) 2018 Elsevier Ltd. All rights

reserved.},
 author = {Yocom, Christopher J. and Zhang, Xing and Liao, Yiliang},
 year = {2018},
 title = {Research and development status of laser peen forming: A review},
 keywords = {Bendingangle;Laser peen forming;Residuals  stresses;Sheet metal forming},
 pages = {32--45},
 volume = {108},
 issn = {0030-3992},
 journal = {OPTICS AND LASER TECHNOLOGY},
 doi = {10.1016/j.optlastec.2018.06.032}
}


