@BOOK
  {KandR,
   AUTHOR  = "Kernighan, Brian W. and Ritchie, Dennis M.",
   TITLE   = "{The C Programming Language Second Edition}",
   PUBLISHER = "Prentice-Hall, Inc.",
   YEAR = 1988
  }