% This file was created with Citavi 6.2.0.12

@article{.1997,
 abstract = {对微机电系统技术的现状及其发展进行了介绍，并探讨了微机电系统技术在引信中的应用},
 author = {刘靖 and 石庚辰},
 year = {1997},
 title = {微机电系统(MEMS)技术及在引信中的应用},
 keywords = {微机电系统,微机械,微系统,引信},
 pages = {21--27},
 number = {03},
 issn = {1008-1194},
 journal = {现代引信}
}


@article{.1999,
 abstract = {微机电系统是一个新兴的技术领域，是一个跨世纪的新学科。它将电子系统和外部世界有机地联系起来，它不仅可以感受运动、光、声、热、磁等自然界信号，并将这些信号转换成电子系统可以认识的电信号，而且还可以通过电子系统控制这些信号，进而发出指令，控制执行部件完成所需要的操作。本文主要就ＭＥＭＳ技术的特点、分类、研究领域、加工工艺、用途以及今后的发展趋势等问题进行简要的讨论和分析。},
 author = {张兴 and 郝一龙 and 李志宏 and 王阳元},
 year = {1999},
 title = {跨世纪的新技术------微机电系统(MEMS)},
 keywords = {微机电系统,微机械,微传感器,微执行器},
 pages = {2--6},
 number = {04},
 issn = {1005-8230},
 journal = {电子科技导报}
}


@article{.2001,
 abstract = {概述了微机电系统 ( MEMS)的定义和特征 ,从理论基础、技术基础和工程应用三方面 ,阐述了微机电系统的研究内容 ,简要介绍了 MEMS基础技术及 MEMS器件的研究现状},
 author = {李国平 and 陈子辰},
 year = {2001},
 title = {微机电系统的研究内容与发展现状},
 keywords = {微传感器;微机电系统;微执行器},
 pages = {389--391},
 number = {06},
 issn = {1004-3365},
 journal = {微电子学}
}


@article{.2002b,
 abstract = {系统分析了微机电系统的概念、特点及国内外先进的微机电系统的典型器件和典型系统 ,微机电有别于其它制造业的独特的加工工艺 ,以及微机电系统在当今社会的各个领域的广泛应用。介绍了我国在发展微机电系统所做的努力。提出我国必须走研究与应用并重的道路 ,使微机电系统的研究走向产业化 ,才能为我国在微电子工业的第二轮国际竞争中争取到应有地位},
 author = {刘晓斌},
 year = {2002},
 title = {微机电系统的进展分析与研究},
 keywords = {产业化;加工工艺;微机电系统(MEMS);微机械器件;应用},
 pages = {72--75},
 number = {01},
 issn = {1007-4414},
 journal = {机械研究与应用}
}


@article{.2003,
 abstract = {概述了微机电系统(MEMS)的发展史,综述了微机电系统(MEMS)领域所涉及的微材料、微机械设计和模拟、微细加工技术,微封装和测试等关键技术的研究现状.从微构件、微传感器、微执行器和专用MEMS集成系统等4方面的典型器件和典型系统,介绍了微机电系统在当今社会各个领域的广泛应用.},
 author = {张西慧 and 梁春广},
 year = {2003},
 title = {微机电系统技术进展},
 keywords = {发展史;微传感器;微机电系统;微执行器;微制造技术},
 pages = {104--109},
 number = {05},
 issn = {1007-2373},
 journal = {河北工业大学学报}
}


@article{.2003b,
 abstract = {该文分析了微型机电系统中产生的一系列特殊效应,介绍了微机电系统中新的设计理论和设计方法,以期建立微机械学理论体系。},
 author = {李立斌 and 郎素萍 and 谢丽丽},
 year = {2003},
 title = {微机电系统与微机械学},
 keywords = {仿真设计;微机械学;微型机械;综合效应},
 pages = {26--28},
 number = {03},
 issn = {1008-8415},
 journal = {高等职业教育(天津职业大学学报)}
}


@article{.2004d,
 abstract = {微机电系统是一种集微电子电路和微机械致动器的微小器件,微传感器的性能检测可通过对系统输入量和输出量的检测,选择合适的测试仪器和测试方法来实现。根据角频率的推导,采用频率响应方法,其结果比通过传递函数数值分析得到的谐振角频率精确得多。},
 author = {鲍雅萍},
 year = {2004},
 title = {微机电系统性能检测的分析与研究},
 keywords = {传感器;检测;微机电系统},
 pages = {14--16},
 number = {02},
 issn = {1671-928X},
 journal = {安阳大学学报}
}


@article{.2004e,
 abstract = {微机电系统是源于微电子加工技术 ,融合了微机械制造、传感、致动及微控制于一体的系统。其特征尺寸极小 ,学科交叉广泛 ;技术研究包括微系统理论、设计建模、微机械加工、微器件集成等多个方面 ;学科分类涵盖了机械、力学、光学、流体、电磁学、生物学等各领域 ,在民品和军品领域有许多热点应用。本文介绍了微机电系统发展概况、微机电系统技术关键、微机电系统有关传感器 ,以及微机电系统热点应用和微机电系统技术的发展前景。},
 author = {高世桥 and 曲大成},
 year = {2004},
 title = {微机电系统(MEMS)技术的研究与应用},
 keywords = {MEMS;微机电系统;微机械加工;智能控制},
 pages = {17--21},
 number = {04},
 issn = {1000-7857},
 journal = {科技导报}
}


@article{.2005d,
 abstract = {微机电系统是面向21世纪的高新技术。文章对微机电系统产生的背景、组成特征、发展现 状及应用前景进行了全面分析。在此基础上,论述了MEMS未来发展的趋势。},
 author = {林忠华 and 胡国清 and 刘文艳 and 张慧杰},
 year = {2005},
 title = {微机电系统的研究与展望},
 keywords = {硅微细加工;微传感器;微机电系统;微执行器},
 pages = {71--75},
 number = {01},
 issn = {1004-3365},
 journal = {微电子学}
}


@article{.2008c,
 abstract = {微机电系统技术作为新的技术领域,已经显示出强大的生命力。本文分析了微机电系统的内涵以及分类,指出了微机电系统的发展趋势和面临的主要挑战。},
 author = {刘锦},
 year = {2008},
 title = {微机电系统技术的发展趋势研究},
 keywords = {MEMS;发展趋势;微机电系统},
 pages = {42--44},
 number = {04},
 issn = {1002-6673},
 journal = {机电产品开发与创新}
}


@article{.2008d,
 abstract = {概述了微机电系统的结构和特点,介绍了微机电系统的研究和应用领域。},
 author = {丁群燕 and 曾鑫},
 year = {2008},
 title = {微机电系统的研究及应用},
 keywords = {MEMS;集成化;微型器件系统;微执行器},
 pages = {105--106},
 number = {07},
 issn = {1672-545X},
 journal = {装备制造技术}
}


@article{.2012,
 abstract = {微机电系统(MEMS)被认为是21世纪的一项{\textquotedbl}使能{\textquotedbl}技术,对航空工业的技术革新将产生重大影响。本文介绍了MEMS在航空领域的典型应用,包括微惯性测量系统、微型飞行器、微流控和灵巧蒙皮、集成光电器件、发动机智能控制等,并探讨了未来MEMS的发展趋势。},
 author = {陆志东 and 余才佳},
 year = {2012},
 title = {微机电系统引领航空技术新变革},
 keywords = {集成光电器件;微惯导系统;微机电系统;微型飞行器},
 pages = {7--11},
 number = {02},
 issn = {1007-5453},
 journal = {航空科学技术}
}


@article{.2013,
 abstract = {对微机电系统(MEMS)做了简要介绍,总结其六大特点以及目前在工程上的主要应用形式。根据现代轮机工程技术的四大特点,预测微机电系统技术在轮机工程领域7个方面的具体应用前景。},
 author = {李国祥 and 尹衍升 and 张拥军 and 闫澄},
 year = {2013},
 title = {微机电系统技术在轮机工程中的应用展望},
 keywords = {技术开发;轮机工程;微机电系统},
 pages = {48--51},
 volume = {36},
 number = {12},
 issn = {1006-7728},
 journal = {世界海运}
}


