% This file was created with Citavi 6.2.0.12

@article{.,
 author = {王权岱 and 段玉岗 and 卢秉恒 and 丁玉成 and 刘红忠}
}


@article{.1997,
 abstract = {对微机电系统技术的现状及其发展进行了介绍，并探讨了微机电系统技术在引信中的应用},
 author = {刘靖 and 石庚辰},
 year = {1997},
 title = {微机电系统(MEMS)技术及在引信中的应用},
 keywords = {微机电系统,微机械,微系统,引信},
 pages = {21--27},
 number = {03},
 issn = {1008-1194},
 journal = {现代引信}
}


@article{.1999,
 abstract = {微机电系统是一个新兴的技术领域，是一个跨世纪的新学科。它将电子系统和外部世界有机地联系起来，它不仅可以感受运动、光、声、热、磁等自然界信号，并将这些信号转换成电子系统可以认识的电信号，而且还可以通过电子系统控制这些信号，进而发出指令，控制执行部件完成所需要的操作。本文主要就ＭＥＭＳ技术的特点、分类、研究领域、加工工艺、用途以及今后的发展趋势等问题进行简要的讨论和分析。},
 author = {张兴 and 郝一龙 and 李志宏 and 王阳元},
 year = {1999},
 title = {跨世纪的新技术------微机电系统(MEMS)},
 keywords = {微机电系统,微机械,微传感器,微执行器},
 pages = {2--6},
 number = {04},
 issn = {1005-8230},
 journal = {电子科技导报}
}


@article{.2001,
 abstract = {概述了微机电系统 ( MEMS)的定义和特征 ,从理论基础、技术基础和工程应用三方面 ,阐述了微机电系统的研究内容 ,简要介绍了 MEMS基础技术及 MEMS器件的研究现状},
 author = {李国平 and 陈子辰},
 year = {2001},
 title = {微机电系统的研究内容与发展现状},
 keywords = {微传感器;微机电系统;微执行器},
 pages = {389--391},
 number = {06},
 issn = {1004-3365},
 journal = {微电子学}
}


@article{.2002,
 abstract = {MEMS螺线管型电感器由于具有很多优点 ,其用途或潜在用途相当广泛。为了获得高质量的MEMS螺线管型电感器 ,在充分利用SU - 8特点的基础上 ,结合使用正胶AZ - 4 0 0 0系列和负胶SU - 8系列 ,新开发了UV -LIGA多层微加工工艺 ,它主要包括 :在基片上溅射Cr/Cu作为电镀种子层 ,涂布正胶 ,紫外光刻得到电镀模具 ,电镀Cu和FeNi分别得到线圈的下层、中层和上层以及铁芯 ;在完成下层和中层后 ,分别进行一次负胶工艺以形成电绝缘层和后续结构的支撑平台 ,即涂布负胶覆盖较下层结构 ,光刻开出通往较上一层的通道并使SU - 8聚合、交联以满足性能要求。实验表明该工艺是可...},
 author = {吴茂松 and 杨春生 and 茅昕辉 and 赵小林 and 蔡炳初},
 year = {2002},
 title = {MEMS螺线管型电感器正负胶结合的加工工艺},
 keywords = {SU-8;电感器;微机电系统;微加工},
 pages = {53--57},
 number = {02},
 issn = {1003-8213},
 journal = {微细加工技术}
}


@article{.2002b,
 abstract = {系统分析了微机电系统的概念、特点及国内外先进的微机电系统的典型器件和典型系统 ,微机电有别于其它制造业的独特的加工工艺 ,以及微机电系统在当今社会的各个领域的广泛应用。介绍了我国在发展微机电系统所做的努力。提出我国必须走研究与应用并重的道路 ,使微机电系统的研究走向产业化 ,才能为我国在微电子工业的第二轮国际竞争中争取到应有地位},
 author = {刘晓斌},
 year = {2002},
 title = {微机电系统的进展分析与研究},
 keywords = {产业化;加工工艺;微机电系统(MEMS);微机械器件;应用},
 pages = {72--75},
 number = {01},
 issn = {1007-4414},
 journal = {机械研究与应用}
}


@article{.2003,
 abstract = {概述了微机电系统(MEMS)的发展史,综述了微机电系统(MEMS)领域所涉及的微材料、微机械设计和模拟、微细加工技术,微封装和测试等关键技术的研究现状.从微构件、微传感器、微执行器和专用MEMS集成系统等4方面的典型器件和典型系统,介绍了微机电系统在当今社会各个领域的广泛应用.},
 author = {张西慧 and 梁春广},
 year = {2003},
 title = {微机电系统技术进展},
 keywords = {发展史;微传感器;微机电系统;微执行器;微制造技术},
 pages = {104--109},
 number = {05},
 issn = {1007-2373},
 journal = {河北工业大学学报}
}


@article{.2003b,
 abstract = {该文分析了微型机电系统中产生的一系列特殊效应,介绍了微机电系统中新的设计理论和设计方法,以期建立微机械学理论体系。},
 author = {李立斌 and 郎素萍 and 谢丽丽},
 year = {2003},
 title = {微机电系统与微机械学},
 keywords = {仿真设计;微机械学;微型机械;综合效应},
 pages = {26--28},
 number = {03},
 issn = {1008-8415},
 journal = {高等职业教育(天津职业大学学报)}
}


@phdthesis{.2004,
 abstract = {高量程MEMS加速度传感器是测量高冲击过程的核心器件。由于加速度很高(几万g～几十万g)，封装成为器件制造的难点与器件可靠性的关键所在。本论文对一种先进的高量程双悬臂梁压阻式MEMS加速度传感器的封装进行了系统研究，主要包括如下两方面的内容：},
 author = {蒋玉齐},
 year = {2004},
 title = {高量程MEMS加速度计封装研究},
 keywords = {BCB;高量程MEMS加速度计;模态分析;响应分析;圆片级封装},
 school = {中国科学院研究生院（上海微系统与信息技术研究所）},
 type = {博士}
}


@phdthesis{.2004b,
 abstract = {射频微电子机械系统(RF-MEMS)技术在射频(RF)通信领域的应用正在得到广泛的重视。作为射频电路的重要元件，高Q值电感已经成为RF-MEMS器件研究中的热点。本论文对在不同硅衬底上获得高Q值电感进行了深入的研究；提出了一种在低阻硅衬底上形成氧化多孔硅厚膜来隔离硅衬底损耗的硅基平面电感结构；最后分别在氧化多孔硅厚膜隔离的低阻硅衬底和高阻硅衬底上制作出了高Q值Cu电感。},
 author = {陈忠民},
 year = {2004},
 title = {高Q值RF-MEMS平面电感的研究},
 keywords = {电镀Cu;电感;品质因数;射频;微电子机械系统;氧化多孔硅},
 school = {清华大学},
 type = {硕士}
}


@phdthesis{.2004c,
 author = {方志华},
 year = {2004},
 title = {MEMS工艺版图三维重构技术研究},
 keywords = {版图;工艺;三维重构;微型机电系统},
 school = {西北工业大学},
 type = {硕士}
}


@article{.2004d,
 abstract = {微机电系统是一种集微电子电路和微机械致动器的微小器件,微传感器的性能检测可通过对系统输入量和输出量的检测,选择合适的测试仪器和测试方法来实现。根据角频率的推导,采用频率响应方法,其结果比通过传递函数数值分析得到的谐振角频率精确得多。},
 author = {鲍雅萍},
 year = {2004},
 title = {微机电系统性能检测的分析与研究},
 keywords = {传感器;检测;微机电系统},
 pages = {14--16},
 number = {02},
 issn = {1671-928X},
 journal = {安阳大学学报}
}


@article{.2004e,
 abstract = {微机电系统是源于微电子加工技术 ,融合了微机械制造、传感、致动及微控制于一体的系统。其特征尺寸极小 ,学科交叉广泛 ;技术研究包括微系统理论、设计建模、微机械加工、微器件集成等多个方面 ;学科分类涵盖了机械、力学、光学、流体、电磁学、生物学等各领域 ,在民品和军品领域有许多热点应用。本文介绍了微机电系统发展概况、微机电系统技术关键、微机电系统有关传感器 ,以及微机电系统热点应用和微机电系统技术的发展前景。},
 author = {高世桥 and 曲大成},
 year = {2004},
 title = {微机电系统(MEMS)技术的研究与应用},
 keywords = {MEMS;微机电系统;微机械加工;智能控制},
 pages = {17--21},
 number = {04},
 issn = {1000-7857},
 journal = {科技导报}
}


@phdthesis{.2005,
 abstract = {随着自适应光学技术的发展及应用的推广,传统的大型自适应光学系统已不能较好地满足航空、航天、机载激光武器、卫星遥感等领域的要求。微型化、集成化已成为自适应光学系统的发展方向,同时也是现代医学高分辨率成像、激光通讯等领域的一项迫切需求。而MEMS技术的出现与发展使自适应光学系统的微型化、集成化甚至单片集成(SOC)成为可能。基于MEMS技术的微自适应光学系统成为各国的研究重点。因此,开展微自适应光学系统建模及其关键技术研究具有重要的研究意义和应用前景。},
 author = {饶伏波},
 year = {2005},
 title = {基于MEMS技术的微自适应光学系统的建模及关键技术研究},
 keywords = {波前传感;波前校正;波前重构;大气湍流;分立式微变形镜;``拉入''效应;微机电系统;微自适应光学系统},
 school = {西北工业大学},
 type = {硕士}
}


@misc{.2005b,
 abstract = {针对基于微压印成形三维MEMS器件制造工艺多层压印的需要,开发了一套基于视频图像对正原理的压印光刻对准系统。硬件系统以显微镜头、CCD、图像采集卡和精密工作台为核心组成。为了使系统能适应不同厚度器件的对准,设计了长工作距离的显微镜头并使用透明模板。软件中采用亚像素相关模板匹配算法进行定位运算,算法误差小于0.2\textgreek{m}m。通过采用选择有效区域和粗-细搜索法的策略对算法进行优化,提高了运算效率。系统性能实验分析表明,系统分辨精度达到0.2\textgreek{m}m,能够满足2\textgreek{m}m的对准精度要求。},
 year = {2005},
 title = {MEMS多层压印工艺中的视频图像对准系统},
 keywords = {对准系统;多层压印;视频图像;微电子机械系统},
 number = {10},
 isbn = {1003-501X}
}


@misc{.2005c,
 abstract = {介绍了单片集成MEMS技术相对传统混合(hybrid)方法的优势;分析了单片集成MEMS技术实现的难点,同时,给出了目前与CMOS工艺兼容的多种单片集成MEMS的技术特点、工艺流程;详细阐述了目前各种post CMOS技术。最后,给出单片集成MEMS技术的未来发展趋势。},
 year = {2005},
 title = {单片集成MEMS技术},
 keywords = {CMOS兼容;单片集成;微机电系统},
 number = {03},
 isbn = {1000-9787}
}


@article{.2005d,
 abstract = {微机电系统是面向21世纪的高新技术。文章对微机电系统产生的背景、组成特征、发展现 状及应用前景进行了全面分析。在此基础上,论述了MEMS未来发展的趋势。},
 author = {林忠华 and 胡国清 and 刘文艳 and 张慧杰},
 year = {2005},
 title = {微机电系统的研究与展望},
 keywords = {硅微细加工;微传感器;微机电系统;微执行器},
 pages = {71--75},
 number = {01},
 issn = {1004-3365},
 journal = {微电子学}
}


@phdthesis{.2006,
 abstract = {本文对扭臂结构的MEMS静电微驱动器进行了深入的研究,建立了分析模型,在此基础上进行了静态分析、动态分析以及测试等方面的研究。首先,通过有限元(FEM)模态分析,确定了微驱动器在驱动电压作用下可能出现的运动模式,即扭臂的弯曲运动模态和扭臂的扭转运动模态,并给出了以上两种运动模态的分析方法,对给定驱动电压条件下的两种运动情况进行了对比分析,确定了微驱动器工作状态下的运动模式。然后,对微驱动器模型的静态特性和动态特性进行了详细的分析,讨论了微驱动器的静电Pull-in现象,分别针对忽略空气阻尼和考虑空气阻尼的两种情况,详细讨论了MEMS微驱动器的动态特性的分析结果。最后,介绍了采用CCD技术的光学...},
 author = {孙东明},
 year = {2006},
 title = {扭臂结构的MEMS静电微驱动器的特性研究},
 keywords = {MEMS;扭臂;特性研究;微机电系统;微驱动器},
 school = {吉林大学},
 type = {博士}
}


@phdthesis{.2006b,
 abstract = {RF MEMS开关是微波信号和高频信号控制的关键元素，与传统的FET场效应管和PIN二极管相比，RF MEMS开关具有低损耗、低功耗、高隔离度、与Si有良好的兼容性以及良好的线性度等优点，越来越受到人们的关注，已逐渐成为众人瞩目的研究热点。},
 author = {孙建海},
 year = {2006},
 title = {RF MEMS开关器件的制作及研究},
 keywords = {RF MEMS;RF MEMS开关;插入损耗;隔离度;驱动电压;悬臂梁},
 school = {中国科学院研究生院（电子学研究所）},
 type = {博士}
}


@phdthesis{.2006c,
 author = {周伟},
 year = {2006},
 title = {基于倒装技术的MEMS电容式压力传感器研究},
 keywords = {MEMS;倒装技术;电容式压力传感器;气密封装;柱状凸点},
 school = {东南大学},
 type = {硕士}
}


@article{.2007,
 abstract = {提出了制作高能量密度电磁驱动器的工艺方法。利用微机械(MEMS)工艺在硅片上得到多匝平面线圈和磁芯的掩模图形,接着沉积种子层铜(Cu),然后对种子层进行整体Cu的电铸;当种子层生长到20\textgreek{m}m左右时,剥离硅片表面的镀层并用光刻胶保护磁芯位置的镀层;再用沿线电铸的方法对线圈进行电铸;最后保护制作好的线圈镀层,电铸NiFe合金材料。在10 mm$\times$10 mm$\times$0.38 mm的硅片上,制作出线圈匝数22$\times$2(铜线截面积60\textgreek{m}m$\times$60\textgreek{m}m、总长度达1 164 mm)、NiFe合金磁芯尺寸为3mm$\times$3 mm$\times$0.2 mm的高能量密度微型电磁驱动器。把这种微型驱动器应用于无阀微泵做驱动实验:通入0.3 A的正...},
 author = {张涛 and 吴一辉 and 黎海文 and 刘波 and 张平 and 王淑荣},
 year = {2007},
 title = {基于MEMS工艺的高能量密度微电磁驱动器},
 keywords = {MEMS;多匝双层平面微线圈;高能量密度;厚NiFe合金镀层;微型电磁驱动器},
 pages = {866--872},
 number = {06},
 issn = {1004-924X},
 journal = {光学精密工程}
}


@article{.2007b,
 abstract = {给出一种基于MEMS工艺的二维风速风向传感器的设计、制造以及测试结果。该传感器加热电阻采用圆形结构,四个测温电阻对称分布在芯片四周。传感器芯片在玻璃衬底上采用两步MEMS剥离工艺加工,加工工艺简单可靠。该传感器采用恒功率工作方式,利用热温差原理测量风速和风向。经过风洞测试,传感器可以完成360°风向检测,误差不超过10°。},
 author = {沈广平 and 吴剑 and 张骅 and 秦明 and 黄庆安},
 year = {2007},
 title = {二维MEMS风速风向传感器的设计与测试},
 keywords = {剥离工艺;二维风速传感器;风向传感器;热温差原理},
 pages = {285--287},
 number = {Z1},
 issn = {1671-4776},
 journal = {微纳电子技术}
}


@article{.2007c,
 abstract = {给出了一种基于MEMS工艺的二维热风速传感器的设计、制造以及测试结果.该传感器采用恒功率工作方式,利用热温差的方法测量风速和风向.本传感器采用MEMS剥离工艺在玻璃衬底上同时加工出加热电阻和测温电阻,利用简单可靠的加工工艺实现了热隔离和高灵敏度.经过风洞风速风向测试,得知传感器的风速量程超过10m/s,360°范围内风向测量误差不超过8°.传感器的响应时间不超过1s,功耗为10mW.},
 author = {沈广平 and 吴剑 and 张骅 and 秦明 and 黄庆安},
 year = {2007},
 title = {一种基于MEMS工艺的二维风速传感器的设计},
 keywords = {MEMS;剥离工艺;风速;风向;流量传感器},
 pages = {1830--1835},
 number = {11},
 issn = {0253-4177},
 journal = {半导体学报}
}


@phdthesis{.2007d,
 author = {蒋玉荣},
 year = {2007},
 title = {硅基MEMS三维结构湿法腐蚀技术研究},
 keywords = {MEMS;各向异性腐蚀;光刻;湿法工艺},
 school = {武汉理工大学},
 type = {硕士}
}


@phdthesis{.2008,
 author = {马宗敏},
 year = {2008},
 title = {单芯片集成双惯性器件研究},
 keywords = {MEMS;单芯片双惯性;驱动、检测;设计},
 school = {中北大学},
 type = {硕士}
}


@article{.2008b,
 abstract = {设计并制作了一种结构新颖的镜面尺寸为6mm$\times$4mm的电磁驱动MEMS光学扫描镜.这种背面为微型铜驱动线圈的MEMS硅基扭转镜面沉浸在由包含永磁体的磁回路产生的磁场中,当电流信号通过驱动线圈时,MEMS光学扫描镜绕着扭转梁发生了大角度的扫描运动.采用MEMS体硅加工工艺和电镀技术制作的器件显示出了优良的性能,实验获得的扫描镜静态转角斜率为0.03°/mA,当器件进行动态扫描时,在381Hz的谐振频率下获得了最大$\pm$10.2°的光学扭转角度,空气中的Q因子为221,相应的功耗为13\textgreek{m}W,与此同时MEMS光学扫描镜具备了出色的镜面粗糙度、光学反射率和镜面平整度.实验证明该器件完全适合于微型光谱仪和可调...},
 author = {穆参军 and 张飞岭 and 吴亚明},
 year = {2008},
 title = {新型大尺寸电磁驱动MEMS光学扫描镜的研制},
 keywords = {MEMS;大尺寸光学扫描镜;大角度转动;电磁驱动;光学反射率},
 pages = {583--587},
 number = {03},
 issn = {0253-4177},
 journal = {半导体学报}
}


@article{.2008c,
 abstract = {微机电系统技术作为新的技术领域,已经显示出强大的生命力。本文分析了微机电系统的内涵以及分类,指出了微机电系统的发展趋势和面临的主要挑战。},
 author = {刘锦},
 year = {2008},
 title = {微机电系统技术的发展趋势研究},
 keywords = {MEMS;发展趋势;微机电系统},
 pages = {42--44},
 number = {04},
 issn = {1002-6673},
 journal = {机电产品开发与创新}
}


@article{.2008d,
 abstract = {概述了微机电系统的结构和特点,介绍了微机电系统的研究和应用领域。},
 author = {丁群燕 and 曾鑫},
 year = {2008},
 title = {微机电系统的研究及应用},
 keywords = {MEMS;集成化;微型器件系统;微执行器},
 pages = {105--106},
 number = {07},
 issn = {1672-545X},
 journal = {装备制造技术}
}


@article{.2009,
 abstract = {玻璃浆料是一种常用于MEMS器件封装的密封材料。系统研究了MEMS器件在低温下使用玻璃浆料键合硅和玻璃的过程。与大多数MEMS器件采用的玻璃浆料相比(烧结温度400℃以上),此工艺(烧结温度350℃)在键合完成后所形成的封装结构同样具有较高的剪切强度(封装器件剪切强度大于360 kPa),同时具有较好的气密性(合格率达到93.3{\%}),漏率测试结果符合相关标准。结果表明,在保证MEMS器件封装剪切强度和气密性的同时,降低键合温度条件是可以实现的。},
 author = {虞国平 and 王明湘 and 俞国庆},
 year = {2009},
 title = {MEMS器件封装的低温玻璃浆料键合工艺研究},
 keywords = {玻璃浆料键合;低温;气密封装;微机电系统;圆片级封装},
 pages = {1173--1176},
 volume = {34},
 number = {12},
 issn = {1003-353X},
 journal = {半导体技术}
}


@phdthesis{.2011,
 abstract = {随着MEMS技术的深入发展、需要采用多种手段在器件材料、结构、制作工艺或器件工作原理等方面进行针对汽车具体应用问题的技术改进,传感器件性能价格比的进一步提高可以有力促进MEMS汽车传感器面向应用实现实用化和产品化。},
 author = {吕良},
 year = {2011},
 title = {MEMS汽车传感器设计关键技术的研究},
 keywords = {MEMS微机电系统;多学科优化设计;多域耦合;汽车传感器;优化算法},
 school = {北京邮电大学},
 type = {博士}
}


@phdthesis{.2011b,
 abstract = {自适应光学技术在天文观测、强激光、光束合成、激光通讯和医学检测等领域有着广泛的应用前景。变形镜作为自适应光学系统的核心部件,其微型化是自适应光学系统微型化和集成化的关键。本文系统的分析了各种微小型变形镜的特点和制造技术,并对双压电片变形镜和薄膜变形镜的性能进行了仿真。相比其他变形镜,采用微机电技术加工的变形镜具有体积小、能耗低、成本低、响应快以及可与微电路集成等特点,已成为变形镜技术研究的重要方向。针对微机电变形镜的加工,系统地介绍了常用的加工手段和所使用的各种材料特性,并分析了两种常用的标准化表面微加工技术的特点,考虑成本和研究周期等因素,本文选择Poly Multi User MEMS P...},
 author = {孙全},
 year = {2011},
 title = {基于PolyMUMPs技术的微机电变形镜的研究},
 keywords = {PolyMUMPs技术;测试技术;微反射镜;微机电系统;有限元分析;自适应光学},
 school = {国防科学技术大学},
 type = {博士}
}


@article{.2011c,
 abstract = {本文提出了一种新颖的MEMS多掩膜工艺,实现了带有大台阶和大深宽比窄槽的衬底上的体硅精细加工。通过薄胶多次光刻在衬底上制作出氧化硅(SiO2)、氮化硅(Si3N4)、光刻胶(photo-resist,PR)等材料的多层掩膜图形,每层掩膜可以进行一次衬底刻蚀或腐蚀,刻蚀或腐蚀完毕后去除该层掩膜。该工艺解决了MEMS工艺中的深坑涂胶和光刻问题,结合深反应离子刻蚀(Deep Re-active Ion Etching,DR IE)、湿法腐蚀等工艺可以用于多级台阶、深坑底部精细结构、微结构释放等MEMS工艺。},
 author = {黄占喜 and 吴亚明 and 李四华},
 year = {2011},
 title = {基于多掩膜光刻工艺的MEMS体硅加工},
 keywords = {MEMS;多掩膜;光刻;体硅工艺},
 pages = {313--318},
 volume = {17},
 number = {03},
 issn = {1007-4252},
 journal = {功能材料与器件学报}
}


@article{.2012,
 abstract = {微机电系统(MEMS)被认为是21世纪的一项{\textquotedbl}使能{\textquotedbl}技术,对航空工业的技术革新将产生重大影响。本文介绍了MEMS在航空领域的典型应用,包括微惯性测量系统、微型飞行器、微流控和灵巧蒙皮、集成光电器件、发动机智能控制等,并探讨了未来MEMS的发展趋势。},
 author = {陆志东 and 余才佳},
 year = {2012},
 title = {微机电系统引领航空技术新变革},
 keywords = {集成光电器件;微惯导系统;微机电系统;微型飞行器},
 pages = {7--11},
 number = {02},
 issn = {1007-5453},
 journal = {航空科学技术}
}


@article{.2013,
 abstract = {对微机电系统(MEMS)做了简要介绍,总结其六大特点以及目前在工程上的主要应用形式。根据现代轮机工程技术的四大特点,预测微机电系统技术在轮机工程领域7个方面的具体应用前景。},
 author = {李国祥 and 尹衍升 and 张拥军 and 闫澄},
 year = {2013},
 title = {微机电系统技术在轮机工程中的应用展望},
 keywords = {技术开发;轮机工程;微机电系统},
 pages = {48--51},
 volume = {36},
 number = {12},
 issn = {1006-7728},
 journal = {世界海运}
}


@article{.b,
 author = {江建明 and 娄利飞 and 汪家友 and 杨银堂}
}


@article{.c,
 abstract = {为了提高大学生的综合专业能力培养,提高其创新创业能力,培养其未来从事科研活动的素养,在高校里开展创新实践活动是重要的环节之一。结合当代大学生的特点,需要探索更合理有效的培养方式和管理模式。本文通过对景德镇陶瓷大学机器人创新实践平台建设过程的经验总结,探索了以兴趣小组培育为途径的大学生创新能力培养方式与团队管理方法,并对运行中所发现一些现象进行了探讨,提出了改革建议。},
 author = {韩志宏 and 刘蜀阳},
 title = {以兴趣小组培育为途径的大学生创新实践平台建设研究与实践------以景德镇陶瓷大学IRC机器人协会发展历程为例},
 keywords = {创新实践;平台建设;兴趣小组;运行机制},
 pages = {1--4},
 issn = {2095-6711},
 journal = {当代教育实践与教学研究}
}


@article{.d,
 abstract = {从颠覆性技术成长周期入手,根据萌芽期颠覆性技术特点,采用基于创新性、独创性与功能分析的识别方法,在技术创新没有造成市场显著变化时实现预警决策。首先进行技术生命周期分析,随后利用创新性和独创性特点衡量技术颠覆性,排除渐进性技术干扰,最后运用功能分析方法研究技术新功能对未来市场的影响。以工业机器人专利技术领域进行实证,验证了方法的可行性和有效性。},
 author = {黄鲁成 and 蒋林杉 and 吴菲菲},
 title = {萌芽期颠覆性技术识别研究},
 keywords = {颠覆性技术;工业机器人;萌芽期;早期技术识别},
 pages = {1--7},
 issn = {1001-7348},
 journal = {科技进步与对策}
}


@article{.e,
 abstract = {首先分析了典型的眼科手术操作,提出了眼科机器人设计的一般要求.然后,从机器人系统和手术器械两方面出发,介绍了国内外眼科机器人的研究进展.最后,总结了当前眼科机器人系统的关键技术,包括眼组织生物力学分析、机构设计、多维信息传感以及精密运动控制技术,并分析了发展趋势.},
 author = {贺昌岩 and 杨洋 and 梁庆丰 and 韩少峰},
 title = {机器人在眼科手术中的应用及研究进展},
 keywords = {RCM(远程运动中心)机构;多维信号传感;精密运动控制;眼科手术机器人;眼组织生物力学分析;智能手术器械},
 pages = {1--11},
 issn = {1002-0446},
 journal = {机器人}
}


@article{.f,
 abstract = {微结构换能元是微机电系统(Micro Electro-Mechanical Systems,MEMS)火工品的关键器件,其桥区微结构设计对MEMS火工品的输出性能和能量利用率具有显著影响。为完善MEMS火工品微结构换能元设计理论,设计制作了8种不同桥形微结构换能元,采用仿真研究与红外测试等手段进行微结构换能元桥形结构优选与微结构效应研究,获得了V-50和L-1两种优选桥形结构换能元,揭示了不同桥形结构对换能元输出性能的影响规律,其中V-50桥形微结构换能元平均发火电压达到了100\textgreek{m}F/3.5 V,能量利用率为46.6{\%}。},
 author = {张彬 and 任炜 and 褚恩义 and 赵玉龙 and 尹明 and 李慧},
 title = {不同桥形微结构换能元的仿真设计与实验研究},
 keywords = {桥区熔断电流;桥形结构;微机电系统(MEMS)火工品;微结构换能元},
 pages = {1--6},
 issn = {1006-9941},
 journal = {含能材料}
}


