% Encoding: UTF-8

@Article{AlguacilHavskov2021,
  author =        {Alguacil, Gerardo and Havskov, Jens},
  title =         {Seismic Accelerometers},
  journal =       {Encyclopedia of Earthquake Engineering},
  year =          {2021},
  month =         jan,
  __markedentry = {[YWfu:6]},
  date =          {2021-01-01},
  doi =           {10.1007/978-3-642-36197-5_176-1},
  owner =         {YWfu},
  publisher =     {Springer},
  timestamp =     {2018-11-11},
  url =           {http://dx.doi.org/10.1007/978-3-642-36197-5_176-1}
}

@Article{Gautier2021,
  author =        {Gautier, Gaël},
  title =         {Porous Silicon and Micro-fuel Cells},
  journal =       {Handbook of Porous Silicon},
  year =          {2021},
  month =         jan,
  __markedentry = {[YWfu:6]},
  abstract =      {Miniaturization of fuel cells (FC) can offer a possibility in the field of small energy sources. Many silicon-based technologies can be used to perform micro-fuel cells and, in particular, porous silicon. In this chapter, after general consideration on fuel cells, we describe the state of the art of porous silicon integration in micro-fuel cells. In particular, we show how porous silicon has arisen as a promising material to perform many functions necessary to the core fuel cell such as proton exchange membrane, gas diffusion layer and catalyst support or flow fields. The performances of the several final devices reported in the literature are discussed.},
  date =          {2021-01-01},
  doi =           {10.1007/978-3-319-04508-5_96-1},
  owner =         {YWfu},
  publisher =     {Springer},
  timestamp =     {2018-11-11},
  url =           {http://dx.doi.org/10.1007/978-3-319-04508-5_96-1}
}
@BOOK{Kline,
title = {古今数学思想},
publisher = {上海科学技术出版社},
year = {2002},
author = {克莱因}
}

@Article{Kolasinski2021,
  author =        {Kolasinski, Kurt W.},
  title =         {Porous Silicon Formation by Galvanic Etching},
  journal =       {Handbook of Porous Silicon},
  year =          {2021},
  month =         jan,
  __markedentry = {[YWfu:6]},
  abstract =      {The different classes of electrochemical etching of silicon are briefly compared and contrasted, and then the literature on galvanic etching is comprehensively reviewed. Thick uniform mesoporous films with surface areas as high as 910 m2/g have been achieved with optimized galvanic etching (Fig. 1).},
  date =          {2021-01-01},
  doi =           {10.1007/978-3-319-04508-5_3-1},
  owner =         {YWfu},
  publisher =     {Springer},
  timestamp =     {2018-11-11},
  url =           {http://dx.doi.org/10.1007/978-3-319-04508-5_3-1}
}
@ARTICLE{quanjing,
author = {曲安京},
title = {商高、赵爽与刘徽关于勾股定理的证明},
journal = {数学传播},
year = {1998},
volume = {20},
number = {3}
}
@BOOK{Shiye,
title = {几何的有名定理},
publisher = {上海科学技术出版社},
year = {1986},
author = {矢野健太郎}
}

@Article{StefanoRea2021,
  author =        {Stefano, Luca and Rea, Ilaria},
  title =         {Porous Silicon for Microdevices and Microsystems},
  journal =       {Handbook of Porous Silicon},
  year =          {2021},
  month =         jan,
  __markedentry = {[YWfu:6]},
  abstract =      {A literature survey is made of the various uses of both macroporous and mesoporous silicon in individual microdevices and complex microsystems. The material has been used as a silicon wafer processing tool where it is sacrificial: in a passive role where it provides, for example, thermal or electrical isolation and in an active role where it performs a range of functions. Examples include delivering drugs, sensing, emitting light, storing hydrogen, providing filtration, or having a catalytic role.},
  date =          {2021-01-01},
  doi =           {10.1007/978-3-319-04508-5_81-1},
  owner =         {YWfu},
  publisher =     {Springer},
  timestamp =     {2018-11-11},
  url =           {http://dx.doi.org/10.1007/978-3-319-04508-5_81-1}
}

@article{
	段力高均超-1,
	Author = {段力 and 高均超 and 丁桂甫 and 邵靖 and 毛成龙 and 沈杰 and 静波},
	Title = {航空发动机涡轮叶片原位集成高温MEMS传感器的研制},
	Journal = {航空发动机},
	Number = {4},
	Pages = {56-60},
	DOI = {10.13477/j.cnki.aeroengine.2018.04.010},
	Abstract = {为了满足智能高性能航空发动机高温、高振动、高冲击的苛刻工作要求,采用MEMS(Micro-electro-mechanical-system,微机电系统)薄膜技术制作了发动机涡轮叶片原位集成高温温度传感器,并进行了高温下的温度试验和振动冲击试验.试验结果表明:热电阻传感器温度的线性良好,可以实现在高温环境下的温度控制;叶片原位温度传感器及其连线系统可以在规定的苛刻的振动与冲击试验指标下安全、可靠地工作,振动与冲击之后连接特性没有变化.将该原位集成传感器应用在涡轮叶片表面,不仅可以原位测量800℃的环境温度,而且具有很高的机械强度,可以承受40g的振动和100g的冲力.},
	Keywords = {高温测量技术; 传感器; 抗振动; 抗冲击; 航空发动机},
	Year = {2018} }




@article{
	黄洋姜文刚-2,
	Author = {黄洋 and 姜文刚},
	Title = {示教机械臂姿态解算改进方法仿真研究},
	Journal = {计算机工程与应用},
	Number = {15},
	Pages = {126-130,138},
	DOI = {10.3778/j.issn.1002-8331.1704-0086},
	Abstract = {在示教机械臂姿态解算精度优化的研究中,针对使用单组传感器进行数据融合,姿态解算的传统方法中存在的精度低,稳定性差的问题,设计了一种组合MEMS传感器的姿态解算方法.将六组传感器安装于载体坐标系三个轴上,分别测量两组传感器数据.以传感器量测数据与四元数估计数据的向量积代替姿态角误差作为互补滤波器的输入量,分别利用模糊控制器和PI控制器,根据互补滤波原理调节陀螺仪输出量.通过拓展卡尔曼滤波器进行姿态估计,得到更精确的四元数,进而转化为姿态角.仿真结果表明,在静态和动态情况下,多组传感器组合调节后的姿态角数据相比单组传感器PI调节在姿态角精度和系统稳定性上有进一步提高.},
	Keywords = {MEMS传感器; 拓展卡尔曼滤波器; 四元数; 姿态解算},
	Year = {2018} }




@article{
	韩晓东李得天-3,
	Author = {韩晓东 and 李得天 and 成永军 and 孙雯君 and 李刚 and 王呈祥},
	Title = {MEMS电容薄膜真空计微电容测量研究进展},
	Journal = {真空与低温},
	Number = {3},
	Pages = {145-150},
	DOI = {10.3969/j.issn.1006-7086.2018.03.001},
	Abstract = {MEMS电容薄膜真空计的小型化和整体性能与微电容测量电路密切相关.由于不同领域的应用需求, MEMS电容薄膜真空规管具有不同的敏感电容结构,而相应的微电容测量法也不同.单侧电极微电容测量法电路结构简单,易于实现;双侧电极微电容测量法电路结构较复杂,但该电路可以减小寄生电容及温度的影响而获得高分辨率;静电力平衡式结构下微电容测量法用闭环电路,在高精度测量的同时还能拓宽真空计的动态范围.介绍了测量原理、电路结构及性能,可以看出,具有精度高、功耗低、易集成的特点,能够应用于多种不同类型的MEMS电容式传感器的微小电容测量电路,对今后MEMS应用从航空航天等高精尖领域向人工智能物联网领域的拓展具有重要意义.},
	Keywords = {MEMS; 真空计; 微电容; 测量电路},
	Year = {2018} }




@article{
	李世银张楠-4,
	Author = {李世银 and 张楠 and 武中文 and 王洪梅},
	Title = {基于小波分析的MEMS加速度计去噪优化算法},
	Journal = {传感技术学报},
	Number = {5},
	Pages = {705-709},
	DOI = {10.3969/j.issn.1004-1699.2018.05.009},
	Abstract = {针对惯导系统中MEMS加速度计输出漂移误差较大的问题,本文在对噪声分析建模的基础上,提出了一种小波阈值去噪优化算法.利用Allan方差分析加速度计输出噪声特性,构造噪声模型,并设计了一种基于多尺度阈值函数的去噪方法.该方法有效克服了传统软、硬阈值函数的局限性,且在各尺度上选取不同的调节系数优化滤波性能,算法适应性强.仿真结果表明,该方法在信噪比、均方根误差和波形相似度方面均有明显改善,较之传统阈值去噪算法信噪比提高了5 dB,并能在一定程度上提高系统导航精度,100 m范围内相对误差降低2.69％.},
	Keywords = {MEMS去噪; Allan方差; 小波分析; 阈值函数; 惯导系统},
	Year = {2018} }




@article{
	史小杰芦利斌-5,
	Author = {史小杰 and 芦利斌 and 金国栋 and 谭力宁},
	Title = {基于改进互补滤波的小型无人机MEMS姿态解算},
	Journal = {信息技术},
	Number = {6},
	Pages = {49-52,59},
	DOI = {10.13274/j.cnki.hdzj.2018.06.010},
	Abstract = {针对小型无人机姿态解算中MEMS器件的误差导致的姿态精度问题,利用MEMS加速度计和陀螺仪组成的小型低成本姿态测量单元,基于欧拉角法对小型无人机姿态角进行计算更新,并且提出一种改进型互补滤波算法精确姿态角.实验结果表明,对比于传统的互补滤波,文中提出的改进型互补滤波算法的收敛性和平滑性更好,能有效对小型无人机的姿态进行跟踪和测量,降低了MEMS姿态测量单元的误差影响.},
	Keywords = {小型无人机; MEMS器件; 欧拉角; 改进型互补滤波; 姿态},
	Year = {2018} }




@article{
	蒋鹏王益祥-6,
	Author = {蒋鹏 and 王益祥},
	Title = {多通道MEMS陀螺仪数据采集系统设计},
	Journal = {机械制造与自动化},
	Number = {3},
	Pages = {225-228},
	DOI = {10.19344/j.cnki.issn1671-5276.2018.03.057},
	Abstract = {针对现有仪器时MEMS陀螺仪零偏与标度因数相关参数的测试只能进行单片测试,在进行批量测试时效率较低的问题,设计了一套利用ARM以及虚拟仪器软件LabVIEW实现MEMS陀螺仪多路数据采集的测试系统.由ARM对多通道MEMS陀螺仪进行数据采集,通过串口通信的方式将采集的数据信息上传到上位机,虚拟仪器软件LabVIEW对采集的数据进行显示、处理、分析以及储存,实现了多路数据信息的实时监测与采集.经实际验证,该系统运行情况良好,并且较为灵活,可根据不同需求进行修改,具有较强的通用性.},
	Keywords = {陀螺仪; 数据采集; 系统设计; 虚拟仪器; ARM; LabVIEW},
	Year = {2018} }


[1]	段力, 高均超, 丁桂甫, 等. 航空发动机涡轮叶片原位集成高温MEMS传感器的研制[J]. 航空发动机, 2018(4):56-60.
[2]	黄洋, 姜文刚. 示教机械臂姿态解算改进方法仿真研究[J]. 计算机工程与应用, 2018(15):126-130, 138.
[3]	韩晓东, 李得天, 成永军, 等. MEMS电容薄膜真空计微电容测量研究进展[J]. 真空与低温, 2018(3):145-150.
[4]	李世银, 张楠, 武中文, 等. 基于小波分析的MEMS加速度计去噪优化算法[J]. 传感技术学报, 2018(5):705-709.
[5]	史小杰, 芦利斌, 金国栋, 等. 基于改进互补滤波的小型无人机MEMS姿态解算[J]. 信息技术, 2018(6):49-52, 59.
[6]	蒋鹏, 王益祥. 多通道MEMS陀螺仪数据采集系统设计[J]. 机械制造与自动化, 2018(3):225-228.
@comment{jabref-meta: fileDirectory:.;}

@comment{jabref-meta: fileDirectory-YWfu-GEEK-PC:.;}
