
@article{ ISI:000448496100042,
Author = {Farokhi, Hamed and Ghayesh, Mergen H.},
Title = {{Viscoelastic shear deformable microplates: Nonlinear forced resonant
   characteristics}},
Journal = {{MECHANICAL SYSTEMS AND SIGNAL PROCESSING}},
Year = {{2019}},
Volume = {{118}},
Pages = {{742-756}},
Month = {{MAR 1}},
Abstract = {{A viscoelastic model for a shear-deformable microplate is developed in
   this paper while accounting for geometric nonlinearities. Nonlinear
   numerical solutions are conducted to examine the resonant oscillations
   of the microsystem. The geometrically nonlinear theoretical model is
   developed utilising the Kelvin-Voigt viscoelastic model, to account for
   nonlinear dissipation, the modified version of the couple-stress theory,
   to account for smallscale characteristics, and the third-order
   deformation theory, to account for shear stress. The constitutive
   relations for both the classical and higher-order stress tensors are
   constructed and are divided into elastic and viscous components. The
   elastic components are used to develop the potential strain energy and
   the viscous components are employed to model the virtual work of damping
   (energy dissipation). Additionally, the microplate motion energy is
   developed while accounting for all in-plane, out-of-plane, and
   rotational motions. A distributed harmonic load, as the representative
   an external force, is applied to the microsystem and the corresponding
   virtual work is obtained. The generalised Hamilton's principle is
   applied to the virtual works and variations of the energy terms,
   resulting in the nonlinear equations of motion of the microsystem. Being
   of partial differential type, the equations of motion are discretised
   into a set of nonlinearly coupled ordinary differential equations
   consisting of nonlinear geometric and nonlinear damping terms. A
   solution procedure for the forced oscillation analysis of the
   microsystem is developed using a continuation method. Different diagrams
   are constructed to examine the nonlinear resonant characteristics of the
   viscoelastic shear deformable microplate and to highlight the nonlinear
   dependency of the Kelvin-Voigt viscoelastic damping mechanism on the
   oscillation amplitude, for a geometrically nonlinear model. (C) 2018
   Elsevier Ltd. All rights reserved.}},
Publisher = {{ACADEMIC PRESS LTD- ELSEVIER SCIENCE LTD}},
Address = {{24-28 OVAL RD, LONDON NW1 7DX, ENGLAND}},
Type = {{Article}},
Language = {{English}},
Affiliation = {{Ghayesh, MH (Reprint Author), Univ Adelaide, Sch Mech Engn, Adelaide, SA 5005, Australia.
   Farokhi, Hamed, Northumbria Univ, Dept Mech \& Construct Engn, Newcastle Upon Tyne NE1 8ST, Tyne \& Wear, England.
   Ghayesh, Mergen H., Univ Adelaide, Sch Mech Engn, Adelaide, SA 5005, Australia.}},
DOI = {{10.1016/j.ymssp.2018.08.058}},
ISSN = {{0888-3270}},
Keywords = {{Viscoelastic shear deformable microplates; Kelvin-Voigt model; Resonant
   oscillations; Nonlinear damping}},
Keywords-Plus = {{COUPLE STRESS THEORY; STRAIN-GRADIENT ELASTICITY; GEOMETRICALLY
   IMPERFECT MICROBEAM; FUNCTIONALLY GRADED MICROBEAMS; SIZE-DEPENDENT
   DYNAMICS; PLATE; MEMS; KIRCHHOFF; STABILITY; BEHAVIOR}},
Research-Areas = {{Engineering}},
Web-of-Science-Categories  = {{Engineering, Mechanical}},
Author-Email = {{hamed.farokhi@northumbria.ac.uk
   mergen.ghayesh@adelaide.edu.au}},
Cited-References = {{Allgower E., 2003, INTRO NUMERICAL CONT.
   Asghari M, 2012, INT J ENG SCI, V51, P292, DOI 10.1016/j.ijengsci.2011.08.013.
   Chen CP, 2017, NONLINEAR DYNAM, V90, P1301, DOI 10.1007/s11071-017-3727-3.
   Chen SH, 2011, ACTA MECH, V219, P291, DOI 10.1007/s00707-011-0461-7.
   De Pasquale G, 2010, MECH SYST SIGNAL PR, V24, P1621, DOI 10.1016/j.ymssp.2010.01.010.
   Farajpour A, 2012, COMPOS STRUCT, V94, P1605, DOI 10.1016/j.compstruct.2011.12.032.
   Farokhi F, 2013, INT J ENG SCI, V68, P11, DOI 10.1016/j.ijengsci.2013.03.001.
   Farokhi H, 2018, INT J ENG SCI, V123, P197, DOI 10.1016/j.ijengsci.2017.08.017.
   Farokhi H, 2016, INT J ENG SCI, V99, P39, DOI 10.1016/j.ijengsci.2015.10.014.
   Farokhi H, 2015, INT J ENG SCI, V91, P12, DOI 10.1016/j.ijengsci.2015.02.005.
   Farokhi H, 2015, INT J MECH SCI, V90, P133, DOI 10.1016/j.ijmecsci.2014.11.002.
   Feng G, 2016, MECH SYST SIGNAL PR, V76-77, P228, DOI 10.1016/j.ymssp.2015.12.033.
   FLECK NA, 1994, ACTA METALL MATER, V42, P475, DOI 10.1016/0956-7151(94)90502-9.
   Ghayesh MH, 2018, INT J MECH SCI, V140, P339, DOI 10.1016/j.ijmecsci.2018.02.037.
   Ghayesh MH, 2018, APPL MATH MODEL, V59, P583, DOI 10.1016/j.apm.2018.02.017.
   Ghayesh MH, 2018, INT J ENG SCI, V124, P115, DOI 10.1016/j.ijengsci.2017.11.004.
   Ghayesh MH, 2017, INT J ENG SCI, V110, P35, DOI 10.1016/j.ijengsci.2016.09.011.
   Ghayesh MH, 2016, INT J ENG SCI, V109, P243, DOI 10.1016/j.ijengsci.2016.09.004.
   Ghayesh MH, 2016, INT J ENG SCI, V100, P99, DOI 10.1016/j.ijengsci.2015.11.003.
   Ghayesh MH, 2015, INT J ENG SCI, V96, P34, DOI 10.1016/j.ijengsci.2015.07.004.
   Ghayesh MH, 2015, INT J ENG SCI, V86, P60, DOI 10.1016/j.ijengsci.2014.10.004.
   Ghayesh MH, 2014, COMPOS PART B-ENG, V60, P423, DOI 10.1016/j.compositesb.2013.12.074.
   Ghayesh MH, 2014, COMPOS PART B-ENG, V60, P371, DOI 10.1016/j.compositesb.2013.12.030.
   Ghayesh MH, 2013, J SOUND VIB, V332, P6405, DOI 10.1016/j.jsv.2013.06.026.
   Ghayesh MH, 2013, INT J ENG SCI, V71, P137, DOI 10.1016/j.ijengsci.2013.05.006.
   Ghayesh MH, 2013, INT J ENG SCI, V71, P1, DOI 10.1016/j.ijengsci.2013.04.003.
   Ghayesh MH, 2013, COMPOS PART B-ENG, V50, P318, DOI 10.1016/j.compositesb.2013.02.021.
   Ghayesh MH, 2013, INT J ENG SCI, V63, P52, DOI 10.1016/j.ijengsci.2012.12.001.
   Ghayesh MH, 2012, COMPUT STRUCT, V112, P406, DOI 10.1016/j.compstruc.2012.09.005.
   Ghayesh MH, 2012, NONLINEAR DYNAM, V70, P335, DOI 10.1007/s11071-012-0458-3.
   Ghayesh MH, 2011, ACTA MECH SOLIDA SIN, V24, P373.
   Ghayesh MH, 2009, MECH MACH THEORY, V44, P1964, DOI 10.1016/j.mechmachtheory.2009.05.004.
   Gholipour A, 2015, NONLINEAR DYNAM, V79, P1771, DOI 10.1007/s11071-014-1773-7.
   Go JS, 1996, SENSOR ACTUAT A-PHYS, V54, P579, DOI 10.1016/S0924-4247(97)80018-0.
   Hanley TH, 2017, MECH SYST SIGNAL PR, V89, P27, DOI 10.1016/j.ymssp.2016.07.018.
   Haque MA, 2003, ACTA MATER, V51, P3053, DOI 10.1016/S1359-6454(03)00116-2.
   Hashemi SH, 2011, PHYSICA E, V43, P1400, DOI 10.1016/j.physe.2011.03.012.
   Thai HT, 2013, COMPOS STRUCT, V95, P142, DOI 10.1016/j.compstruct.2012.08.023.
   Jomehzadeh E, 2011, PHYSICA E, V43, P877, DOI 10.1016/j.physe.2010.11.005.
   Lam DCC, 2003, J MECH PHYS SOLIDS, V51, P1477, DOI 10.1016/S0022-5096(03)00053-X.
   Lin RM, 2006, MECH SYST SIGNAL PR, V20, P1015, DOI 10.1016/j.ymssp.2005.08.013.
   Lin WH, 2005, MICROSYST TECHNOL, V11, P80, DOI {[}10.1007/s00542-004-0411-6, 10.1007/S00542-004-0411-6].
   Madinei H, 2016, MECH SYST SIGNAL PR, V81, P360, DOI 10.1016/j.ymssp.2016.03.023.
   Martowicz A, 2012, MECH SYST SIGNAL PR, V32, P44, DOI 10.1016/j.ymssp.2012.04.022.
   McFarland AW, 2005, J MICROMECH MICROENG, V15, P1060, DOI 10.1088/0960-1317/15/5/024.
   MITTELMANN HD, 1986, SIAM J NUMER ANAL, V23, P1007, DOI 10.1137/0723068.
   Movassagh AA, 2013, EUR J MECH A-SOLID, V40, P50, DOI 10.1016/j.euromechsol.2012.12.008.
   Nabian A, 2013, ACTA MECH SOLIDA SIN, V26, P205, DOI 10.1016/S0894-9166(13)60020-8.
   Reddy JN, 2012, COMPOS STRUCT, V94, P1128, DOI 10.1016/j.compstruct.2011.10.006.
   Rojas RA, 2018, MECH SYST SIGNAL PR, V107, P291, DOI 10.1016/j.ymssp.2017.11.005.
   Roque CMC, 2013, APPL MATH MODEL, V37, P4626, DOI 10.1016/j.apm.2012.09.063.
   Sabater AB, 2017, MECH SYST SIGNAL PR, V84, P241, DOI 10.1016/j.ymssp.2016.06.003.
   Sari I, 2010, J MICROELECTROMECH S, V19, P14, DOI 10.1109/JMEMS.2009.2037245.
   Shen C, 2016, MECH SYST SIGNAL PR, V72-73, P897, DOI 10.1016/j.ymssp.2015.11.004.
   Shi HC, 2015, MECH SYST SIGNAL PR, V50-51, P535, DOI 10.1016/j.ymssp.2014.05.015.
   Wang BL, 2011, EUR J MECH A-SOLID, V30, P517, DOI 10.1016/j.euromechsol.2011.04.001.
   Wei YM, 2018, MECH SYST SIGNAL PR, V100, P534, DOI 10.1016/j.ymssp.2017.07.034.
   Yang F, 2002, INT J SOLIDS STRUCT, V39, P2731, DOI 10.1016/S0020-7683(02)00152-X.
   Zhang GJ, 2018, MECH SYST SIGNAL PR, V104, P607, DOI 10.1016/j.ymssp.2017.11.027.}},
Number-of-Cited-References = {{59}},
Times-Cited = {{0}},
Usage-Count-Last-180-days = {{0}},
Usage-Count-Since-2013 = {{0}},
Journal-ISO = {{Mech. Syst. Signal Proc.}},
Doc-Delivery-Number = {{GY3ZN}},
Unique-ID = {{ISI:000448496100042}},
DA = {{2018-11-12}},
}

@article{ ISI:000447085800032,
Author = {Skrzypacz, Piotr and Kadyrov, Shirali and Nurakhmetov, Daulet and Wei,
   Dongming},
Title = {{Analysis of dynamic pull-in voltage of a graphene MEMS model}},
Journal = {{NONLINEAR ANALYSIS-REAL WORLD APPLICATIONS}},
Year = {{2019}},
Volume = {{45}},
Pages = {{581-589}},
Month = {{FEB}},
Abstract = {{Bifurcation analysis of dynamic pull-in for a lumped mass model is
   presented. The restoring force of the spring is derived based on the
   nonlinear constitutive stress-strain law and the driving force of the
   mass attached to the spring is based on the electrostatic Coulomb force,
   respectively. The analysis is performed on the resulting nonlinear
   spring-mass equation with initial conditions. The necessary and
   sufficient conditions for the existence of periodic solutions are
   derived analytically and illustrated numerically. The conditions for
   bifurcation points on the parameters associated with the second-order
   elastic stiffness constant and the voltage are determined. (C) 2018
   Elsevier Ltd. All rights reserved.}},
Publisher = {{PERGAMON-ELSEVIER SCIENCE LTD}},
Address = {{THE BOULEVARD, LANGFORD LANE, KIDLINGTON, OXFORD OX5 1GB, ENGLAND}},
Type = {{Article}},
Language = {{English}},
Affiliation = {{Skrzypacz, P (Reprint Author), Nazarbayev Univ, Sch Sci \& Technol, 53 Kabanbay Batyr Ave, Astana 010000, Kazakhstan.
   Skrzypacz, Piotr; Nurakhmetov, Daulet; Wei, Dongming, Nazarbayev Univ, Sch Sci \& Technol, 53 Kabanbay Batyr Ave, Astana 010000, Kazakhstan.
   Kadyrov, Shirali, Suleyman Demirel Univ, Kaskelen 040900, Kazakhstan.
   Nurakhmetov, Daulet, S Seifullin Kazakh Agrotech Univ, Dept Informat Syst, Zhenis Ave 62, Astana 010011, Kazakhstan.}},
DOI = {{10.1016/j.nonrwa.2018.07.025}},
ISSN = {{1468-1218}},
Keywords = {{MEMS; Graphene; Pull-in; Nonlinear oscillator; Bifurcation; Periodic
   solution}},
Keywords-Plus = {{INSTABILITY}},
Research-Areas = {{Mathematics}},
Web-of-Science-Categories  = {{Mathematics, Applied}},
Author-Email = {{piotr.skrzypacz@nu.edu}},
Funding-Acknowledgement = {{Nazarbayev University ORAU}},
Funding-Text = {{This research was supported by the Nazarbayev University ORAU grant
   ``Modeling and Simulation of Nonlinear Material Structures for
   Mechanical Pressure Sensing and Actuation Applications{''}.}},
Cited-References = {{Cadelano E, 2009, PHYS REV LETT, V102, DOI 10.1103/PhysRevLett.102.235502.
   Cveticanin L, 2004, PHYSICA A, V341, P123, DOI 10.1016/j.physa.2004.04.123.
   Flores G, 2017, J DIFFER EQUATIONS, V262, P3597, DOI 10.1016/j.jde.2016.11.037.
   Ganji B., 2010, IJE T B, V4, P191.
   Ganji BA, 2009, SENSOR ACTUAT A-PHYS, V149, P29, DOI 10.1016/j.sna.2008.09.017.
   Gutierrez A, 2013, INT J BIFURCAT CHAOS, V23, DOI 10.1142/S0218127413500880.
   Lee C, 2008, SCIENCE, V321, P385, DOI 10.1126/science.1157996.
   Lu Q, 2009, INT J APPL MECH, V1, P443, DOI 10.1142/S1758825109000228.
   Malina E., 2011, THESIS.
   NATHANSON HC, 1967, IEEE T ELECTRON DEV, VED14, P117, DOI 10.1109/T-ED.1967.15912.
   Shampine L.F., 2003, SOLVING ODES MATLAB.
   Wei D., 2017, APPL COMPUT MECH, V11.
   Younis MI, 2011, MICROSYST SER, P1, DOI 10.1007/978-1-4419-6020-7.
   Zhang WM, 2014, SENSOR ACTUAT A-PHYS, V214, P187, DOI 10.1016/j.sna.2014.04.025.}},
Number-of-Cited-References = {{14}},
Times-Cited = {{0}},
Usage-Count-Last-180-days = {{28}},
Usage-Count-Since-2013 = {{28}},
Journal-ISO = {{Nonlinear Anal.-Real World Appl.}},
Doc-Delivery-Number = {{GW6QP}},
Unique-ID = {{ISI:000447085800032}},
DA = {{2018-11-12}},
}

@article{ ISI:000447085500021,
Author = {Mahinzare, Mohammad and Alipour, Mehdi Jannat and Sadatsakkak, Seyed
   Abbas and Ghadiri, Majid},
Title = {{A nonlocal strain gradient theory for dynamic modeling of a rotary
   thermo piezo electrically actuated nano FG circular plate}},
Journal = {{MECHANICAL SYSTEMS AND SIGNAL PROCESSING}},
Year = {{2019}},
Volume = {{115}},
Pages = {{323-337}},
Month = {{JAN 15}},
Abstract = {{In this paper, vibrational behavior of functionally graded piezoelectric
   material (FGPM) in a nano circular plate subjected to rotational and
   thermal loads is studied. Thermo-electroelastic characteristics of FGPM
   nano circular plate are changed continuously along the thickness with
   the power-law model. This analysis is based on nonlocal strain gradient
   theory (NSGT), strain gradient theory (SGT) and nonlocal Eringen theory
   (NET) within the first order shear deformation theory (FSDT). Via
   Hamilton's principle, the governing equations of FGPM nano circular
   plate obtained and solved using the differential quadrature method
   (DQM). It is seen that the vibrational behavior of FGPM nano circular
   plate is considerably affected by temperature rises, angular velocity,
   external voltage, FG power index, nonlocal parameter and material length
   scale for clamped and hinged boundary conditions. (C) 2018 Elsevier Ltd.
   All rights reserved.}},
Publisher = {{ACADEMIC PRESS LTD- ELSEVIER SCIENCE LTD}},
Address = {{24-28 OVAL RD, LONDON NW1 7DX, ENGLAND}},
Type = {{Article}},
Language = {{English}},
Affiliation = {{Sadatsakkak, SA (Reprint Author), Imam Khomeini Int Univ, Fac Engn, Dept Mech, Qazvin 3414916818, Iran.
   Mahinzare, Mohammad, Iran Univ Sci \& Technol, Sch Automot Engn, Tehran 1684613114, Iran.
   Alipour, Mehdi Jannat; Sadatsakkak, Seyed Abbas; Ghadiri, Majid, Imam Khomeini Int Univ, Fac Engn, Dept Mech, Qazvin 3414916818, Iran.}},
DOI = {{10.1016/j.ymssp.2018.05.043}},
ISSN = {{0888-3270}},
Keywords = {{Circular nanoplate; FGPM; Free vibration; Sensor; NSGT; Nonlocal; Smart
   material}},
Keywords-Plus = {{FREE-VIBRATION ANALYSIS; MODIFIED COUPLE STRESS; DIFFERENTIAL QUADRATURE
   METHOD; GENERAL BOUNDARY-CONDITIONS; FUNCTIONALLY GRADED PLATES; WINKLER
   ELASTIC-FOUNDATION; SHEAR DEFORMATION-THEORY; FINITE-ELEMENT-ANALYSIS;
   MEMS APPLICATIONS; BUCKLING ANALYSIS}},
Research-Areas = {{Engineering}},
Web-of-Science-Categories  = {{Engineering, Mechanical}},
Author-Email = {{sadatsakak@eng.ikiu.ac.ir}},
Cited-References = {{Akgoz B, 2016, ACTA ASTRONAUT, V119, P1, DOI 10.1016/j.actaastro.2015.10.021.
   Akgoz B, 2015, COMPOS STRUCT, V134, P294, DOI 10.1016/j.compstruct.2015.08.095.
   Akgoz B, 2013, STRUCT ENG MECH, V48, P195, DOI 10.12989/sem.2013.48.2.195.
   Alipour M.M., 2017, ANAL LAYERWISE FREE, V13.
   Allahverdizadeh A, 2008, INT J MECH SCI, V50, P445, DOI 10.1016/j.ijmecsci.2007.09.018.
   Allahverdizadeh A, 2008, J SOUND VIB, V310, P966, DOI 10.1016/j.jsv.2007.08.011.
   Allahverdizadeh A., 2006, INT J MECH MATER DES, V3, P161.
   Ansari R, 2015, EUR J MECH A-SOLID, V49, P251, DOI 10.1016/j.euromechsol.2014.07.014.
   Baghani M, 2016, INT J APPL MECH, V8, DOI 10.1142/S1758825116500204.
   Baltacioglu AK, 2010, COMPOS STRUCT, V93, P153, DOI 10.1016/j.compstruct.2010.06.005.
   Chen WJ, 2013, ARCH APPL MECH, V83, P431, DOI 10.1007/s00419-012-0689-2.
   Civalek O, 2010, ADV ENG SOFTW, V41, P557, DOI 10.1016/j.advengsoft.2009.11.002.
   Civalek O, 2008, J COMPOS MATER, V42, P2853, DOI 10.1177/0021998308096952.
   Civalek O, 2016, APPL MATH COMPUT, V289, P335, DOI 10.1016/j.amc.2016.05.034.
   Dung DV, 2013, THIN WALL STRUCT, V63, P117, DOI 10.1016/j.tws.2012.09.010.
   Dehkordi SF, 2017, INT J MECH SCI, V128, P125, DOI 10.1016/j.ijmecsci.2017.04.004.
   Ebrahimi F, 2009, EUR J MECH A-SOLID, V28, P962, DOI 10.1016/j.euromechsol.2008.12.008.
   Ebrahimi F, 2008, THIN WALL STRUCT, V46, P1402, DOI 10.1016/j.tws.2008.03.008.
   Ebrahimi F, 2016, J THERM STRESSES, V39, P1560, DOI 10.1080/01495739.2016.1219243.
   Ebrahimi F, 2016, INT J ENG SCI, V107, P169, DOI 10.1016/j.ijengsci.2016.07.008.
   Ebrahimi F, 2016, APPL PHYS A-MATER, V122, DOI 10.1007/s00339-016-0001-3.
   ERINGEN AC, 1983, J APPL PHYS, V54, P4703, DOI 10.1063/1.332803.
   Ersoy H, 2018, COMPOS STRUCT, V183, P7, DOI 10.1016/j.compstruct.2016.11.051.
   Eshraghi I, 2015, COMPOS PART B-ENG, V78, P338, DOI 10.1016/j.compositesb.2015.03.095.
   Fantuzzi N, 2015, COMPOS PART B-ENG, V78, P65, DOI 10.1016/j.compositesb.2015.03.027.
   Firouz-Abadi RD, 2014, J VIB ACOUST, V136, DOI 10.1115/1.4027862.
   Fu YQ, 2004, SENSOR ACTUAT A-PHYS, V112, P395, DOI 10.1016/j.sna.2004.02.019.
   Ghadiri M., 2015, MICROSYST TECHNOL, V23.
   Gong YL, 2017, INT J MECH SCI, V126, P222, DOI 10.1016/j.ijmecsci.2017.03.030.
   Gurses M, 2009, INT J NUMER METH ENG, V79, P290, DOI 10.1002/nme.2553.
   Hasanyan DJ, 2008, J THERM STRESSES, V31, P1006, DOI 10.1080/01495730802250714.
   Hosseini-Hashemi S., 2016, INT J MECH SCI.
   HUTCHINSON JR, 1979, J APPL MECH-T ASME, V46, P139, DOI 10.1115/1.3424485.
   Thai HT, 2013, COMPOS STRUCT, V95, P142, DOI 10.1016/j.compstruct.2012.08.023.
   IRIE T, 1980, J APPL MECH-T ASME, V47, P652, DOI 10.1115/1.3153748.
   Jin TL, 2014, THIN WALL STRUCT, V77, P187, DOI 10.1016/j.tws.2013.10.012.
   Lee Z, 2006, NANOTECHNOLOGY, V17, P3063, DOI 10.1088/0957-4484/17/12/042.
   Leissa A.W., 1969, DTIC DOCUMENT.
   Li AQ, 2014, COMPOS STRUCT, V113, P272, DOI 10.1016/j.compstruct.2014.03.028.
   Li YS, 2014, COMPOS STRUCT, V115, P41, DOI 10.1016/j.compstruct.2014.04.005.
   Liew KM, 1997, J SOUND VIB, V205, P617, DOI 10.1006/jsvi.1997.1035.
   Lim CW, 2015, J MECH PHYS SOLIDS, V78, P298, DOI 10.1016/j.jmps.2015.02.001.
   Mahinzare M., 2017, MICROSYST TECHNOL.
   Mahinzare M, 2018, MECH SYST SIGNAL PR, V100, P188, DOI 10.1016/j.ymssp.2017.07.041.
   Mahinzare M, 2017, MICROFLUID NANOFLUID, V21, DOI 10.1007/s10404-017-1956-x.
   Mohammadi K., 2017, MICROSYST TECHNOL.
   Mohammadi K, 2017, EUR PHYS J PLUS, V132, DOI 10.1140/epjp/i2017-11395-x.
   Razavi H., 2016, COMPOS STRUCT.
   Reddy JN, 2016, EUR J MECH A-SOLID, V56, P92, DOI 10.1016/j.euromechsol.2015.11.001.
   Salehipour H, 2015, COMPOS STRUCT, V124, P283, DOI 10.1016/j.compstruct.2015.01.015.
   Setoodeh AR, 2014, COMPOS STRUCT, V116, P128, DOI 10.1016/j.compstruct.2014.05.013.
   Shafiei N., 2017, MECH ADV MAT STRUCT, V6494.
   Shojaeefard M.H., 2017, APPL MATH MODEL.
   Shojaeefard M.H., 2018, FREE VIBRATION CRITI.
   Shojaeian M, 2016, ACTA ASTRONAUT, V118, P62, DOI 10.1016/j.actaastro.2015.09.015.
   Shu C, 2012, DIFFERENTIAL QUADRAT.
   Tornabene F., 2016, STRONG FORMULATION F.
   Tornabene F, 2013, COMPOS STRUCT, V104, P94, DOI 10.1016/j.compstruct.2013.04.009.
   Wang Q, 2002, ENG STRUCT, V24, P199, DOI 10.1016/S0141-0296(01)00088-8.
   Wang QS, 2016, COMPOS PART B-ENG, V88, P264, DOI 10.1016/j.compositesb.2015.10.043.
   Witvrouw A, 2005, MATER SCI FORUM, V492-493, P255, DOI 10.4028/www.scientific.net/MSF.492-493.255.
   Wu TY, 2002, COMPUT METHOD APPL M, V191, P5365, DOI 10.1016/S0045-7825(02)00463-2.
   Yalcin HS, 2009, APPL MATH COMPUT, V212, P377, DOI 10.1016/j.amc.2009.02.032.
   Zafarmand H, 2015, COMPOS PART B-ENG, V69, P592, DOI 10.1016/j.compositesb.2014.10.048.
   Zeighampour H, 2015, APPL MATH MODEL, V39, P5354, DOI 10.1016/j.apm.2015.01.015.
   Zhou SM, 2014, COMP MATER SCI, V86, P73, DOI 10.1016/j.commatsci.2014.01.031.}},
Number-of-Cited-References = {{66}},
Times-Cited = {{0}},
Usage-Count-Last-180-days = {{9}},
Usage-Count-Since-2013 = {{9}},
Journal-ISO = {{Mech. Syst. Signal Proc.}},
Doc-Delivery-Number = {{GW6QM}},
Unique-ID = {{ISI:000447085500021}},
DA = {{2018-11-12}},
}

@article{ ISI:000447906200011,
Author = {Rasid, Syed Mamun R. and Mizuno, Takeshi and Ishino, Yuji and Takasaki,
   Masaya and Hara, Masayuki and Yamaguchi, Daisuke},
Title = {{Design and control of active vibration isolation system with an active
   dynamic vibration absorber operating as accelerometer}},
Journal = {{JOURNAL OF SOUND AND VIBRATION}},
Year = {{2019}},
Volume = {{438}},
Pages = {{175-190}},
Month = {{JAN 6}},
Abstract = {{This paper exhibits the development of a vibration isolation system
   using an active dynamic vibration absorber (ADVA) as an accelerometer in
   a low-frequency range; whereas, it operates as a vibration control
   device in a high-frequency range. The control signal of the ADVA gives
   an information of the low-frequency acceleration. At the same time, in
   the active vibration isolation system, an air spring is employed as a
   low-frequency control device and an inexpensive MEMS-type accelerometer
   is used to measure the acceleration of the vibration in a high-frequency
   range. The sensor fusion technique is applied to integrate the output of
   the MEMS-type accelerometer and the acceleration estimated from the
   ADVA. The motions of the vibration isolation table and the absorber mass
   of the ADVA are controlled by PID control. The integrated acceleration
   by the sensor fusion is transmitted through a low-pass filter to the air
   spring and through a high-pass filter into the ADVA to attain additional
   acceleration and velocity feedback to the PID controls. Several
   experimentations and observations are conducted to measure the
   transmissibility and compliance. The experimental and simulation results
   demonstrate that the performance and operative precision of the
   developed active vibration isolation system are improved by the
   additional absolute acceleration and velocity feedbacks in terms of
   compliance as well as transmissibility characteristics. (C) 2018
   Elsevier Ltd. All rights reserved.}},
Publisher = {{ACADEMIC PRESS LTD- ELSEVIER SCIENCE LTD}},
Address = {{24-28 OVAL RD, LONDON NW1 7DX, ENGLAND}},
Type = {{Article}},
Language = {{English}},
Affiliation = {{Rasid, SMR (Reprint Author), Rajshahi Univ Engn \& Technol, Dept Mech Engn, Rajshai 6204, Bangladesh.
   Rasid, Syed Mamun R., Rajshahi Univ Engn \& Technol, Dept Mech Engn, Rajshai 6204, Bangladesh.
   Mizuno, Takeshi; Ishino, Yuji; Takasaki, Masaya; Hara, Masayuki; Yamaguchi, Daisuke, Saitama Univ, Dept Mech Engn, 255 Shimo Okubo, Saitama 3388570, Japan.}},
DOI = {{10.1016/j.jsv.2018.09.037}},
ISSN = {{0022-460X}},
EISSN = {{1095-8568}},
Keywords = {{Active vibration isolation; Dynamic vibration absorber; MEMS; Sensor
   fusion; Accelerometer; Vibration control}},
Research-Areas = {{Acoustics; Engineering; Mechanics}},
Web-of-Science-Categories  = {{Acoustics; Engineering, Mechanical; Mechanics}},
Author-Email = {{mamun06me\_ruet@yahoo.com}},
Funding-Acknowledgement = {{Ministry of Education, Culture, Sports, Science and Technology of Japan}},
Funding-Text = {{yyy The authors gratefully acknowledge the financial support received
   from the Ministry of Education, Culture, Sports, Science and Technology
   of Japan, and a Grant-in-Aid for Scientific Research (B).}},
Cited-References = {{Beijen MA, 2014, CONTROL ENG PRACT, V26, P82, DOI 10.1016/j.conengprac.2013.12.015.
   Collette C, 2015, J SOUND VIB, V342, P1, DOI 10.1016/j.jsv.2015.01.006.
   Daley S, 2006, CONTROL ENG PRACT, V14, P991, DOI 10.1016/j.conengprac.2005.05.010.
   Hauge GS, 2004, J SOUND VIB, V269, P913, DOI 10.1016/S0022-460X(03)00206-2.
   Hoque E., 2010, MAGNETIC LEVITATION.
   Hua W., 2005, LOW FREQUENCY VIBRAT.
   Koreney B. G., 1993, DYNAMIC VIBRATION AB.
   Mizuno T., 2002, P MOT VIB CONTR C, V6, p{[}673, 2].
   Preumont A., ACTIVE CONTROL STRUC.
   Rivin E. I., 2001, PASSIVE VIBRATION IS.
   Shahadat MMZ, 2015, 2015 EUROPEAN CONTROL CONFERENCE (ECC), P1106, DOI 10.1109/ECC.2015.7330688.
   Tjepkema D, 2012, J SOUND VIB, V331, P735, DOI 10.1016/j.jsv.2011.09.022.
   Yoshioka H, 2001, J VIB ACOUST, V123, P269, DOI 10.1115/1.1350566.}},
Number-of-Cited-References = {{13}},
Times-Cited = {{0}},
Usage-Count-Last-180-days = {{0}},
Usage-Count-Since-2013 = {{0}},
Journal-ISO = {{J. Sound Vibr.}},
Doc-Delivery-Number = {{GX6XE}},
Unique-ID = {{ISI:000447906200011}},
DA = {{2018-11-12}},
}

@article{ ISI:000448867300003,
Author = {Gupta, Anurag and Singh, T. Sonamani and Yadava, R. D. S.},
Title = {{MEMS sensor array-based electronic nose for breath analysis-a simulation
   study}},
Journal = {{JOURNAL OF BREATH RESEARCH}},
Year = {{2019}},
Volume = {{13}},
Number = {{1}},
Month = {{JAN}},
Abstract = {{The paper presents a simulation study of breath analysis based on
   theoretical models of microelectromechanical structure (MEMS) cantilever
   sensor array. The purpose of this study is to suggest a methodology for
   the development of MEMS electronic nose (e-nose) for monitoring
   disease-specific volatiles in exhaled breath. Oxidative stress and
   diabetes are taken as case studies for the assessment of e-nose designs.
   The detection of ethane for general oxidative stress, isoprene for
   hypoxia, and acetone for diabetes are considered for targeted detection.
   A number of volatiles concurrently present in the exhaled breath are
   taken as interferents. The MEMS cantilevers are coated with
   volatile-selective polymers and are analyzed in both the static and
   dynamic modes. The sensor array is defined by polymer selections based
   on three data mining methods: principal component analysis (PCA), fuzzy
   c-means clustering (FCM), and fuzzy subtractive clustering (FSC). This
   utilizes vapor/polymer partition coefficients as a database. Analyses
   are carried out to find optimal combinations of the polymer selection
   method and cantilever sensing mode. Virtual breath analysis experiments
   are analyzed by PCA for target discrimination. It is found that no
   single combination works best in all conditions. The acetone (diabetes)
   detection is best in both sensing modes with the polymers selected by
   FSC; the isoprene (hypoxia) is detectable only in static sensing mode
   with polymers selected by FCM clustering; and the ethane (oxidative
   stress) detection is possible by all sensing modes and polymer
   selections, provided the breath samples are preconcentrated. This study
   suggests that it is difficult to realize a single general-purpose MEMS
   breath analyzer. The dedicated analyzers for specific disease
   indications can however be made with an optimal combination of sensing
   mode and polymer coatings.}},
Publisher = {{IOP PUBLISHING LTD}},
Address = {{TEMPLE CIRCUS, TEMPLE WAY, BRISTOL BS1 6BE, ENGLAND}},
Type = {{Article}},
Language = {{English}},
Affiliation = {{Yadava, RDS (Reprint Author), Banaras Hindu Univ, Inst Sci, Dept Phys, Sensors \& Signal Proc Lab, Varanasi 221005, Uttar Pradesh, India.
   Gupta, Anurag; Singh, T. Sonamani; Yadava, R. D. S., Banaras Hindu Univ, Inst Sci, Dept Phys, Sensors \& Signal Proc Lab, Varanasi 221005, Uttar Pradesh, India.}},
DOI = {{10.1088/1752-7163/aad5f1}},
Article-Number = {{016003}},
ISSN = {{1752-7155}},
EISSN = {{1752-7163}},
Keywords = {{breath analysis; electronic nose; MEMS sensor array; sensor
   functionalization; oxidative stress; hypoxia; diabetes}},
Keywords-Plus = {{VOLATILE ORGANIC-COMPOUNDS; CHROMATOGRAPHY-MASS SPECTROMETRY;
   LIPID-PEROXIDATION; EXHALED BREATH; CLINICAL-DIAGNOSIS;
   HEALTHY-VOLUNTEERS; POLYMER SELECTION; OXIDATIVE STRESS; ETHANE;
   DISEASES}},
Research-Areas = {{Biochemistry \& Molecular Biology; Respiratory System}},
Web-of-Science-Categories  = {{Biochemical Research Methods; Respiratory System}},
Author-Email = {{anuragphyzics@gmail.com
   sonamani.2065@gmail.com
   ardius@bhu.ac.in}},
ORCID-Numbers = {{Gupta, Anurag/0000-0001-5114-5910
   Yadava, RDS/0000-0001-7379-1729}},
Funding-Acknowledgement = {{University Grant Commission (Government of India, New Delhi)}},
Funding-Text = {{The authors Anurag Gupta and T Sonamani Singh are thankful to the
   University Grant Commission (Government of India, New Delhi) for
   providing JRF and BSR Fellowships, respectively, for pursuing this
   research.}},
Cited-References = {{ABRAHAM MH, 1993, CHEM SOC REV, V22, P73, DOI 10.1039/cs9932200073.
   Aghdassi E, 2003, AM J GASTROENTEROL, V98, P348, DOI 10.1016/S0002-9270(02)05894-X.
   Amann A, 2014, J BREATH RES, V8, DOI 10.1088/1752-7155/8/3/034001.
   Amann A, 2014, ANNU REV ANAL CHEM, V7, P455, DOI 10.1146/annurev-anchem-071213-020043.
   Barker M, 2006, EUR RESPIR J, V27, P929, DOI 10.1183/09031936.06.00085105.
   Barnes PJ, 2010, CHEST, V138, P682, DOI 10.1378/chest.09-2090.
   Bjermer L, 2014, RESP MED, V108, P830, DOI 10.1016/j.rmed.2014.02.005.
   Boots AW, 2012, J BREATH RES, V6, DOI 10.1088/1752-7155/6/2/027108.
   Buszewski B, 2007, BIOMED CHROMATOGR, V21, P553, DOI 10.1002/bmc.835.
   Buszewski B, 2013, VOLATILE BIOMARKERS: NON-INVASIVE DIAGNOSIS IN PHYSIOLOGY AND MEDICINE, P177, DOI 10.1016/B978-0-44-462613-4.00010-6.
   Buszewski B, 2012, ANAL BIOANAL CHEM, V404, P141, DOI 10.1007/s00216-012-6102-8.
   BUTT HJ, 1995, NANOTECHNOLOGY, V6, P1, DOI 10.1088/0957-4484/6/1/001.
   Cao WQ, 2006, CLIN CHEM, V52, P800, DOI 10.1373/clinchem.2005.063545.
   Chaste J, 2012, NAT NANOTECHNOL, V7, P300, DOI {[}10.1038/NNANO.2012.42, 10.1038/nnano.2012.42].
   Das S, 2016, J MED BIOL ENG, V36, P605, DOI 10.1007/s40846-016-0164-6.
   de Vries R, 2015, J BREATH RES, V9, DOI 10.1088/1752-7155/9/4/046001.
   Dufour I, 2007, IEEE SENS J, V7, P230, DOI 10.1109/JSEN.2006.888600.
   Fens N, 2013, CLIN EXP ALLERGY, V43, P705, DOI 10.1111/cea.12052.
   Ferry JD, 1980, VISCOELASTIC PROPERT.
   FRANKEL EN, 1983, PROG LIPID RES, V22, P1, DOI 10.1016/0163-7827(83)90002-4.
   Gardner JW, 2016, SENSORS-BASEL, V16, DOI 10.3390/s16070947.
   Hill D, 2012, INT J SMART SENS INT, V5, P401.
   Horvath I, 2017, EUR RESPIR J, V49, DOI 10.1183/13993003.00965-2016.
   Huang JZ, 2014, J BREATH RES, V8, DOI 10.1088/1752-7155/8/3/037104.
   Ilic B, 2004, J APPL PHYS, V95, P3694, DOI 10.1063/1.1650542.
   KAZUI M, 1992, FREE RADICAL BIO MED, V13, P509, DOI 10.1016/0891-5849(92)90145-7.
   Kim IJ, 2015, INT J DOC ANAL RECOG, V18, P1, DOI 10.1007/s10032-014-0229-4.
   KNEEPKENS CMF, 1992, CLIN INVEST MED, V15, P163.
   KNEEPKENS CMF, 1994, FREE RADICAL BIO MED, V17, P127.
   Lange D, 2002, CMOS CANTILEVER SENS.
   Lavrik NV, 2004, REV SCI INSTRUM, V75, P2229, DOI 10.1063/1.1763252.
   Lifshitz R, 2000, PHYS REV B, V61, P5600, DOI 10.1103/PhysRevB.61.5600.
   McFarland AW, 2005, APPL PHYS LETT, V87, DOI 10.1063/1.2006212.
   Miekisch W, 2004, CLIN CHIM ACTA, V347, P25, DOI 10.1016/j.cccm.2004.04.023.
   Mochalski P, 2013, ANALYST, V138, P2134, DOI 10.1039/c3an36756h.
   Olopade CO, 1997, CHEST, V111, P862, DOI 10.1378/chest.111.4.862.
   Paredi P, 2000, AM J RESP CRIT CARE, V162, P1450, DOI 10.1164/ajrccm.162.4.2003064.
   Paredi P, 2000, AM J RESP CRIT CARE, V162, P369, DOI 10.1164/ajrccm.162.2.9909025.
   Pearce TC, 2006, HDB MACHINE OLFACTIO.
   RIELY CA, 1974, SCIENCE, V183, P208, DOI 10.1126/science.183.4121.208.
   Risby TH, 2002, NATO SCI SER I LIFE, V346, P113.
   Risby TH, 1999, FREE RADICAL BIO MED, V27, P1182, DOI 10.1016/S0891-5849(99)00212-9.
   Ross B. M., 2011, OPEN J PSYCHIAT, V1, P1.
   Ross BM, 2014, METABOLITES, V4, P572, DOI 10.3390/metabo4030572.
   Scholpp J, 2002, CLIN CHEM LAB MED, V40, P587, DOI 10.1515/CCLM.2002.101.
   Singh P, 2017, LNEE SERIES, V475, P515.
   Singh TS, 2017, ADV INTELL SYST, V546, P245, DOI 10.1007/978-981-10-3322-3\_23.
   Tirzite M, 2017, J BREATH RES, V11, DOI 10.1088/1752-7163/aa7799.
   Ueta I, 2014, CLIN CHIM ACTA, V430, P156, DOI 10.1016/j.cca.2014.01.009.
   Verma P, 2015, SENSOR ACTUAT B-CHEM, V209, P751, DOI 10.1016/j.snb.2014.11.149.
   Verma P, 2013, SENSOR LETT, V11, P1903, DOI 10.1166/sl.2013.3047.
   Verma VK, 2016, SENSOR ACTUAT B-CHEM, V235, P583, DOI 10.1016/j.snb.2016.05.110.
   Wenzel MJ, 2008, J APPL PHYS, V103, DOI 10.1063/1.2902500.
   Yadava R.D.S., 2012, CHEM SENSORS SIMULAT, V3, P411.
   Yang YT, 2006, NANO LETT, V6, P583, DOI 10.1021/nl052134m.}},
Number-of-Cited-References = {{55}},
Times-Cited = {{0}},
Usage-Count-Last-180-days = {{4}},
Usage-Count-Since-2013 = {{4}},
Journal-ISO = {{J. Breath Res.}},
Doc-Delivery-Number = {{GY8IK}},
Unique-ID = {{ISI:000448867300003}},
OA = {{Bronze}},
DA = {{2018-11-12}},
}

@article{ ISI:000447575600020,
Author = {Almuramady, Nabeel and Borodich, Feodor M. and Goryacheva, Irina G. and
   Torskaya, Elena V.},
Title = {{Damage of functionalized self-assembly monomolecular layers applied to
   silicon microgear MEMS}},
Journal = {{TRIBOLOGY INTERNATIONAL}},
Year = {{2019}},
Volume = {{129}},
Pages = {{202-213}},
Month = {{JAN}},
Abstract = {{Tooth surfaces of silicon-based MEMS microgears are described as smooth
   surfaces covered by adhesive asperities (nanoblocks). To reduce adhesive
   effects, the tooth surfaces are functionalized by OTS-SAM
   (Octadecyltrichlorosilane self-assembly monomolecular) carbon-based
   functionalized coatings. The wear of the coating is modelled using the
   modified Goryacheva-Torskaya model of damage accumulation. The amount of
   energy dissipated by different physical and chemical mechanisms along
   with energy dissipated by mechanical deformation of the counterparts is
   used to evaluate the frictional force. The main scenarios of wear
   process within the coating are described and discussed. The damage
   evolution is described for several levels of external load.}},
Publisher = {{ELSEVIER SCI LTD}},
Address = {{THE BOULEVARD, LANGFORD LANE, KIDLINGTON, OXFORD OX5 1GB, OXON, ENGLAND}},
Type = {{Article}},
Language = {{English}},
Affiliation = {{Borodich, FM (Reprint Author), Cardiff Univ, Sch Engn, Cardiff CF24 3AA, S Glam, Wales.
   Almuramady, Nabeel; Borodich, Feodor M., Cardiff Univ, Sch Engn, Cardiff CF24 3AA, S Glam, Wales.
   Almuramady, Nabeel, Univ Al Qadisiyah, Coll Engn, Al Qadisiyah, Iraq.
   Goryacheva, Irina G.; Torskaya, Elena V., Russian Acad Sci, Ishlinsky Inst Problems Mech, Tribol Lab, Moscow, Russia.}},
DOI = {{10.1016/j.triboint.2018.07.049}},
ISSN = {{0301-679X}},
EISSN = {{1879-2464}},
Keywords = {{Fatigue wear; Adhesion; Friction; Sliding}},
Keywords-Plus = {{CARBON NITRIDE COATINGS; SCALE FATIGUE WEAR; MICROELECTROMECHANICAL
   SYSTEMS; TRIBOLOGICAL PROPERTIES; COATED BODIES; SURFACE; MONOLAYERS;
   INDENTATION; CONTACTS; FILMS}},
Research-Areas = {{Engineering}},
Web-of-Science-Categories  = {{Engineering, Mechanical}},
Author-Email = {{borodichfm@cardiff.ac.uk}},
Funding-Acknowledgement = {{Leverhulme Trust; Russian Foundation for Basic Research {[}17-01-00352,
   16-08-00749]; Iraqi Ministry of Higher Education and Scientific
   Research; University of Al-Qadisiyah}},
Funding-Text = {{The authors are grateful to the Leverhulme Trust for financial support
   of the collaboration between the authors within the CARBTRIB
   International Network. The work was also partially supported by Russian
   Foundation for Basic Research (projects No. 17-01-00352 and
   16-08-00749). In addition, the Iraqi Ministry of Higher Education and
   Scientific Research that is gratefully acknowledged, supported the
   studies of one of the authors (Nabeel Almuramady) at the Cardiff School
   of Engineering. Thanks are also due to the University of Al-Qadisiyah
   for their support of the studies.}},
Cited-References = {{Akhmatov AS, 1963, MOL PHYS BOUNDARY FR.
   AL-Mayali MF, 2016, 2016 INTERNATIONAL CONFERENCE FOR STUDENTS ON APPLIED ENGINEERING (ICSAE), P123, DOI 10.1109/ICSAE.2016.7810173.
   Almuramady N, 2017, THESIS.
   Almuramady N, 2017, INT J ADV AUTOMOT TE, V1, P59.
   Borodich FM, 2017, BIOL INSPIR SYST, V9, P179, DOI 10.1007/978-3-319-59114-8\_10.
   Borodich FM, 2014, ADV APPL MECH, V47, P225, DOI 10.1016/B978-0-12-800130-1.00003-5.
   Borodich FM, 2011, MATER SCI FORUM, V662, P53, DOI 10.4028/www.scientific.net/MSF.662.53.
   Borodich FM, 2004, P ROY SOC A-MATH PHY, V460, P507, DOI 10.1098/rspa.2003.1224.
   Brousseau Emmanuel, 2015, Manufacturing Letters, V6, P10, DOI 10.1016/j.mfglet.2015.11.002.
   Cui BF, 2013, TRIBOL INT, V62, P149, DOI 10.1016/j.triboint.2013.01.013.
   Dean JA, 1999, LANGES CHEM HDB.
   Derjaguin BV, 1934, ZH FIZ KHIM, V5, P1165.
   Deryagin BV, 1978, ADHESION OF SOLIDS.
   Elinski MB, 2017, J PHYS CHEM C, V121, P5635, DOI 10.1021/acs.jpcc.7b00012.
   Evans H. P., 2013, J TRIBOL, V135, P1.
   Fonseca Daniel J., 2011, International Journal of Quality, Statistics and Reliability, DOI 10.1155/2011/820243.
   Gad-el-Hak M, 2002, MEMS HDB.
   Ghodssi R, 2011, MEMS REF SHELF, P1, DOI 10.1007/978-0-387-47318-5.
   Gladwell GML, 2008, THE LEGACY LA GALIN.
   Goryacheva IG, 2010, WEAR, V268, P1417, DOI 10.1016/j.wear.2010.02.018.
   Goryacheva I. G., 1990, Soviet Journal of Friction and Wear, V11, P1.
   Goryacheva IG, 2003, FATIGUE FRACT ENG M, V26, P343, DOI 10.1046/j.1460-2695.2003.00580.x.
   GORYACHEVA IG, 1991, TRIBOL INT, V24, P29, DOI 10.1016/0301-679X(91)90060-M.
   Goryacheva IG, 1998, CONTACT MECH TRIBOLO.
   Iannacci J, 2015, DISPLAYS, V37, P62, DOI 10.1016/j.displa.2014.08.003.
   Jabbarzadeh A, 2016, TRIBOL INT, V102, P600, DOI 10.1016/j.triboint.2016.06.023.
   Johnson K., 1985, CONTACT MECH.
   Khaustov S, 2016, THESIS.
   Komvopoulos K, 1996, WEAR, V200, P305, DOI 10.1016/S0043-1648(96)07328-0.
   KRAJCINOVIC D, 1983, J APPL MECH-T ASME, V50, P355, DOI 10.1115/1.3167044.
   Krajcinovic D, 1996, DAMAGE MECH.
   Krivtsov AM, 2002, PHYS SOLID STATE+, V44, P2260, DOI 10.1134/1.1529921.
   Lacks DJ, 2007, J ELECTROSTAT, V65, P107, DOI 10.1016/j.elstat.2006.07.010.
   Li D, 2004, ADV MATER, V16, P361, DOI 10.1002/adma.200306226.
   Loboda O. S., 2005, Mechanics of Solids, V40, P20.
   Maboudian R, 2002, TRIBOL LETT, V12, P95, DOI 10.1023/A:1014044207344.
   Maboudian R, 1997, J VAC SCI TECHNOL B, V15, P1, DOI 10.1116/1.589247.
   Manoylov AV, 2013, P R SOC LONDON A, V469.
   Masuko M, 2007, TRIBOL INT, V40, P1587, DOI 10.1016/j.triboint.2007.02.017.
   Maugis D, 2000, CONTACT ADHESION RUP.
   Nian JY, 2016, TRIBOL INT, V94, P1, DOI 10.1016/j.triboint.2015.08.013.
   Pipes RB, 1994, MECH COMPOSITE MAT, P234.
   Polonsky IA, 1996, P ROY SOC A-MATH PHY, V452, P2173, DOI 10.1098/rspa.1996.0115.
   Polonsky IA, 1996, J TRIBOL-T ASME, V118, P335, DOI 10.1115/1.2831305.
   Satyanarayana N, 2005, TRIBOLOGY INTERFACE, V48, P821.
   Savencu O, 2014, P 27 NORD SEM COMP M, P136.
   Savencu O, 2016, THESIS.
   Spearing SM, 2000, ACTA MATER, V48, P179, DOI 10.1016/S1359-6454(99)00294-3.
   Stewart S, 2002, WEAR, V253, P1132, DOI 10.1016/S0043-1648(02)00234-X.
   Sun CG, 2015, MATER RES INNOV, V19, P919, DOI 10.1179/1432891714Z.0000000001222.
   Tanner DM, 2000, MEMS RELIABILITY INF.
   Tas N, 1996, J MICROMECH MICROENG, V6, P385, DOI 10.1088/0960-1317/6/4/005.
   Teodorescu M, 2009, TRIBOL INT, V42, P197, DOI 10.1016/j.triboint.2008.05.019.
   Torskaya EV, 2016, PHYS MESOMECH, V19, P291, DOI 10.1134/S1029959916030073.
   Ulman A., 2013, INTRO ULTRATHIN ORGA.
   Wang DF, 2003, J TRIBOL-T ASME, V125, P430, DOI 10.1115/1.1537266.
   Wang DF, 2003, J TRIBOL-T ASME, V125, P437, DOI 10.1115/1.1537267.
   Wang J, 2018, RSC ADV, V8, P11388, DOI 10.1039/c8ra00580j.
   Zhang WM, 2014, SENSOR ACTUAT A-PHYS, V214, P187, DOI 10.1016/j.sna.2014.04.025.}},
Number-of-Cited-References = {{59}},
Times-Cited = {{0}},
Usage-Count-Last-180-days = {{3}},
Usage-Count-Since-2013 = {{3}},
Journal-ISO = {{Tribol. Int.}},
Doc-Delivery-Number = {{GX2UM}},
Unique-ID = {{ISI:000447575600020}},
DA = {{2018-11-12}},
}

@article{ ISI:000447573200004,
Author = {Rashid, Adnan and Hasan, Osman},
Title = {{Formal analysis of continuous-time systems using Fourier transform}},
Journal = {{JOURNAL OF SYMBOLIC COMPUTATION}},
Year = {{2019}},
Volume = {{90}},
Number = {{SI}},
Pages = {{65-88}},
Month = {{JAN-FEB}},
Note = {{7th International Symposia on Symbolic Computation in Software Science
   (SCSS), Tokyo, JAPAN, MAR 28-31, 2016}},
Abstract = {{To study the dynamical behavior of the engineering and physical systems,
   we often need to capture their continuous behavior, which is modeled
   using differential equations, and perform the frequency-domain analysis
   of these systems. Traditionally, Fourier transform methods are used to
   perform this frequency domain analysis using paper-and-pencil based
   analytical techniques or computer simulations. However, both of these
   methods are error prone and thus are not suitable for analyzing systems
   used in safety-critical domains, like medicine and transportation. In
   order to provide an accurate alternative, we propose to use higher
   order-logic theorem proving to conduct the frequency domain analysis of
   these systems. For this purpose, the paper presents a higher-order-logic
   formalization of Fourier transform using the HOL-Light theorem prover.
   In particular, we use the higher-order logic based formalizations of
   differential, integral, transcendental and topological theories of
   multivariable calculus to formally define Fourier transform and reason
   about the correctness of its classical properties, such as existence,
   linearity, time shifting, frequency shifting, modulation, time scaling,
   time reversal and differentiation in time domain, and its relationships
   with Fourier Cosine, Fourier Sine and Laplace transforms. We use our
   proposed formalization for the formal verification of the frequency
   response of a generic n-order linear system, an audio equalizer and a
   MEMs accelerometer, using the HOL-Light theorem prover. (C) 2018
   Elsevier Ltd. All rights reserved.}},
Publisher = {{ACADEMIC PRESS LTD- ELSEVIER SCIENCE LTD}},
Address = {{24-28 OVAL RD, LONDON NW1 7DX, ENGLAND}},
Type = {{Article; Proceedings Paper}},
Language = {{English}},
Affiliation = {{Rashid, A (Reprint Author), NUST, SEECS, Islamabad, Pakistan.
   Rashid, Adnan; Hasan, Osman, NUST, SEECS, Islamabad, Pakistan.}},
DOI = {{10.1016/j.jsc.2018.04.004}},
ISSN = {{0747-7171}},
Keywords = {{Frequency response; Continuous-time systems; Theorem proving;
   Higher-order logic; HOL-Light; Fourier transform}},
Keywords-Plus = {{HOL LIGHT}},
Research-Areas = {{Computer Science; Mathematics}},
Web-of-Science-Categories  = {{Computer Science, Theory \& Methods; Mathematics, Applied}},
Author-Email = {{adnan.rashid@seecs.nust.edu.pk
   osman.hasan@seecs.nust.edu.pk}},
Funding-Acknowledgement = {{National Research Program for Universities grant of Higher Education
   Commission (HEC), Pakistan {[}1543]}},
Funding-Text = {{This work was supported by the National Research Program for
   Universities grant (number 1543) of Higher Education Commission (HEC),
   Pakistan.}},
Cited-References = {{Adams M, 2012, CONTINUOUS TIME SIGN.
   Avigad J, 2014, COMMUN ACM, V57, P66, DOI 10.1145/2591012.
   Beerends RJ, 2003, FOURIER LAPLACE TRAN.
   Bracewell RN, 1978, FOURIER TRANSFORM IT.
   Camilleri A, 1986, HARDWARE VERIFICATIO.
   Dougherty G, 2009, DIGITAL IMAGE PROCES.
   Du K -L, 2010, WIRELESS COMMUNICATI.
   Duran A. J, 2013, CORR.
   Eggers P. E, 2016, US Patent, Patent No. {[}20,160,174,857, 20160174857].
   Fennelly J, 2012, SENSOR MAGAZINE, P18.
   Galvin G. J, 2001, US Patent, Patent No. {[}6,199,874, 6199874].
   Gaskill J. D., 1978, LINEAR SYSTEMS FOURI.
   Gaydecki R, 2004, FDN DIGITAL SIGNAL P.
   Girod B, 2001, SIGNALS SYSTEMS.
   Goodman JW., 2005, INTRO FOURIER OPTICS.
   Hales TC., 2005, MATH ALGORITHMS PROO, V5021, P1.
   Harisson J, 2017, HOL LIGHT TRANSCENDE.
   Harrison J, 1996, LECT NOTES COMPUT SC, V1166, P265.
   Harrison J, 1996, 36 TURK CTR COMP SCI.
   Harrison J, 2009, HDB PRACTICAL LOGIC.
   Harrison J, 2013, J AUTOM REASONING, V50, P173, DOI 10.1007/s10817-012-9250-9.
   Hasan O, 2015, ENCY INFORM SCI TECH, P7162.
   Haykin S, 2007, SIGNALS SYSTEMS.
   Hsieh CY, 2014, TERR ATMOS OCEAN SCI, V25, P617, DOI 10.3319/TAO.2014.03.27.01(T).
   Hung P.D, 2004, INT C MECH TECHN, P379.
   Kaajakari V, 2009, PRACTICAL MEMS DESIG.
   Kuznetsov A. G., 2011, Gyroscopy and Navigation, V2, P59, DOI 10.1134/S2075108711010044.
   Oppenheim A. V, 1996, PRENTICE HALL PROCES.
   Papoulis A, 1977, SIGNAL ANAL, V2.
   Paulson L, 1996, ML WORKING PROGRAMME.
   Rashid A, 2017, FORMAL ANAL CONTINUO.
   Rashid A, 2017, LECT NOTES ARTIF INT, V10383, P319, DOI 10.1007/978-3-319-62075-6\_22.
   Rashid A, 2016, LECT NOTES COMPUT SC, V9807, P483, DOI 10.1007/978-3-319-43144-4\_31.
   Rashid A, 2017, PLOS ONE, V12, DOI 10.1371/journal.pone.0180179.
   Schumann J. M, 2001, AUTOMATED THEOREM PR.
   Siddique Umair, 2014, Interactive Theorem Proving. 5th International Conference, ITP 2014, Held as Part of the Vienna Summer of Logic, VSL 2014. Proceedings: LNCS 8558, P483, DOI 10.1007/978-3-319-08970-6\_31.
   Stark H, 2012, APPL OPTICAL FOURIER.
   Tan L, 2007, FUNDAMENTALS ANALOG.
   Taqdees Syeda Hira, 2013, Logic for Programming, Artificial Intelligence, and Reasoning. 19th International Conference, LPAR-19, Proceedings: LNCS 8312, P744, DOI 10.1007/978-3-642-45221-5\_50.
   Thibos L. N, 2013, FOURIER ANAL BEGINNE.
   Thomas R. E, 2016, ANAL DESIGN LINEAR C.
   Wolfram S, 2015, MATH BOOK.
   Ziemer R, 2006, PRINCIPLES COMMUNICA.}},
Number-of-Cited-References = {{43}},
Times-Cited = {{0}},
Usage-Count-Last-180-days = {{2}},
Usage-Count-Since-2013 = {{2}},
Journal-ISO = {{J. Symb. Comput.}},
Doc-Delivery-Number = {{GX2TO}},
Unique-ID = {{ISI:000447573200004}},
DA = {{2018-11-12}},
}

@article{ ISI:000447167700062,
Author = {Mansoor, Shoaib and Bhatti, Umar Iqbal and Bhatti, Aamir Iqbal and Ali,
   Syed Muhammad Dildar},
Title = {{Improved attitude determination by compensation of gyroscopic drift by
   use of accelerometers and magnetometers}},
Journal = {{MEASUREMENT}},
Year = {{2019}},
Volume = {{131}},
Pages = {{582-589}},
Month = {{JAN}},
Abstract = {{This paper presents a self-aiding scheme for improved attitude
   determination using low-cost MEMS-based inertial measurement unit
   consisting of three axis accelerometers, gyroscopes and magnetometers.
   The technique estimates and compensates gyroscope biases by use of
   sensors fusion mechanism. To achieve this, attitude is computed from
   gyroscopes through traditional rate integration scheme and the same is
   achieved from a combination of accelerometers and magnetometers through
   vector matching. The two attitudes computed are compared to form an
   attitude error to estimate biases of the gyros which are continuously
   adjusted through a feedback mechanism. This technique is compared with
   Kalman filter based data fusion algorithm which uses gyroscopes and a
   combination of accelerometers and magnetometers to estimates gyro
   biases. Both algorithms are tested on real data and showed comparable
   results. (C) 2018 Elsevier Ltd. All rights reserved.}},
Publisher = {{ELSEVIER SCI LTD}},
Address = {{THE BOULEVARD, LANGFORD LANE, KIDLINGTON, OXFORD OX5 1GB, OXON, ENGLAND}},
Type = {{Article}},
Language = {{English}},
Affiliation = {{Mansoor, S (Reprint Author), Capital Univ Sci \& Technol, Islamabad, Pakistan.
   Mansoor, Shoaib; Bhatti, Aamir Iqbal, Capital Univ Sci \& Technol, Islamabad, Pakistan.
   Bhatti, Umar Iqbal; Ali, Syed Muhammad Dildar, Inst Space Technol, Islamabad, Pakistan.}},
DOI = {{10.1016/j.measurement.2018.08.067}},
ISSN = {{0263-2241}},
EISSN = {{1873-412X}},
Keywords = {{MEMS; IMU; Attitude determination; Navigation; Kalman filter; Wahba's
   problem; Vector matching; Bias estimation}},
Research-Areas = {{Engineering; Instruments \& Instrumentation}},
Web-of-Science-Categories  = {{Engineering, Multidisciplinary; Instruments \& Instrumentation}},
Author-Email = {{shoaibmansoorpk@gmail.com}},
Cited-References = {{Caruso M. J., 2000, IEE POS LOC NAV S.
   Davenport P., 1968, D4696 NASA TN GODD S.
   Euston M., 2008 IEEE RSJ INT C.
   Farrel J., 1998, GLOBAL POSITIONING S.
   Foxlin E., IEEE VIRT REAL ANN I.
   Grip H. F., 2014, AUTOMATICA.
   Han S., 2011, J NAVIGATION.
   Hua M. D., 2010, CONTROL ENG PRACTICE.
   Keat J., 1977, NASACR183450.
   Manamanni Fourati N., 2009 IEEE RSJ INT C.
   Markley F. L., 1988, AAS J ASTRONAUT SCI.
   Markley F.L., 1993, AAS J ASTRONAUT SCI.
   Noureldin A., 2013, FUNDAMENTALS INERTIA.
   Ozyagcilar T., 2015, TECHNICAL REPORT.
   Rehbinder H., 2004, AUTOMATICA.
   Setoodeh P., 2004, J NAVIGATION.
   Shuster M. D., 1981, AIAA J GUIDANCE CONT.
   Suh Y. S., 2006, JSME INT J C.
   Titerton D. H., 2004, AIAA.
   Wahba G., 1965, SIAM REV.
   Yamato H., 2012, J ROBOT MECHATRON.}},
Number-of-Cited-References = {{21}},
Times-Cited = {{0}},
Usage-Count-Last-180-days = {{2}},
Usage-Count-Since-2013 = {{2}},
Journal-ISO = {{Measurement}},
Doc-Delivery-Number = {{GW7RT}},
Unique-ID = {{ISI:000447167700062}},
DA = {{2018-11-12}},
}

@article{ ISI:000447620900003,
Author = {Ogi, Hirotsugu and Iwagami, Shigeru and Nagakubo, Akira and Taniguchi,
   Takuya and Ono, Teruo},
Title = {{Nano-plate biosensor array using ultrafast heat transport through
   proteins}},
Journal = {{SENSORS AND ACTUATORS B-CHEMICAL}},
Year = {{2019}},
Volume = {{278}},
Pages = {{15-20}},
Month = {{JAN 1}},
Abstract = {{A novel label-free biosensor array is proposed, which uses the ultrafast
   heat transport from a metallic nano-plate into surrounding solution
   across proteins captured on the nano-plate. Using electron-beam
   lithography, 2500 gold nano-plates of 30 nm thick with 5 x 5 mu m(2)
   area were fabricated on a fused silica substrate, on which receptor
   proteins were immobilized. Thermal phonons were induced on the back
   surface of a single nano-plate by focusing ultrafast light pulses from
   the substrate side, which propagated toward surrounding solution through
   surface proteins. Because the ultrafast heat-transport behavior, which
   is completed within similar to 1 ns, is affected by existence of target
   proteins on the nano-plate, each nano-plate works as a single label-free
   biosensor. A theoretical calculation was made for predicting the
   cooling-down behavior of the nano-plate after an impulsive heating, and
   a pump-probe optics was developed for monitoring the ultrafast
   temperature change after excitation with a femtosecond fiber laser. We
   then confirm that each nano-plate acts as a single label-free biosensor
   by performing antigen-antibody binding reactions, indicating that a
   large scale number of multichannel measurement is made possible with
   this phenomenon.}},
Publisher = {{ELSEVIER SCIENCE SA}},
Address = {{PO BOX 564, 1001 LAUSANNE, SWITZERLAND}},
Type = {{Article}},
Language = {{English}},
Affiliation = {{Ogi, H (Reprint Author), Osaka Univ, Grad Sch Engn, Yamadaoka 2-1, Suita, Osaka 5650871, Japan.
   Ogi, Hirotsugu; Nagakubo, Akira, Osaka Univ, Grad Sch Engn, Yamadaoka 2-1, Suita, Osaka 5650871, Japan.
   Iwagami, Shigeru, Osaka Univ, Grad Sch Engn Sci, Machikaneyama 1-3, Toyonaka, Osaka 5608531, Japan.
   Taniguchi, Takuya, Tech Univ Munich, Phys Dept, Garching, Germany.
   Ono, Teruo, Kyoto Univ, Inst Chem Res, Uji, Kyoto 6110011, Japan.}},
DOI = {{10.1016/j.snb.2018.09.030}},
ISSN = {{0925-4005}},
Keywords = {{Label-free biosensor; Pump-probe laser measurement; Thermoreflectance
   measurement; MEMS; Multichannel}},
Keywords-Plus = {{QUARTZ-CRYSTAL MICROBALANCE; SURFACE-PLASMON RESONANCE; RECOGNITION;
   SENSOR}},
Research-Areas = {{Chemistry; Electrochemistry; Instruments \& Instrumentation}},
Web-of-Science-Categories  = {{Chemistry, Analytical; Electrochemistry; Instruments \& Instrumentation}},
Author-Email = {{ogi@prec.eng.osaka-u.ac.jp}},
Cited-References = {{Abe T, 2000, SENSOR ACTUAT A-PHYS, V82, P139, DOI 10.1016/S0924-4247(99)00330-1.
   Bruchmann J, 2015, PLOS ONE, V10, DOI 10.1371/journal.pone.0117300.
   Carslaw H. S., 1959, CONDUCTION HEAT SOLI.
   Foley BM, 2014, J PHYS CHEM LETT, V5, P1077, DOI 10.1021/jz500174x.
   Hoa XD, 2007, BIOSENS BIOELECTRON, V23, P151, DOI 10.1016/j.bios.2007.07.001.
   Homola J, 2001, SENSOR ACTUAT B-CHEM, V76, P403, DOI 10.1016/S0925-4005(01)00648-7.
   Jin XX, 2009, ANAL CHEM, V81, P595, DOI 10.1021/ac8018697.
   Lervik A, 2010, PHYS CHEM CHEM PHYS, V12, P1610, DOI 10.1039/b918607g.
   LIEDBERG B, 1983, SENSOR ACTUATOR, V4, P299, DOI 10.1016/0250-6874(83)85036-7.
   Liu Y, 2003, BIOSENS BIOELECTRON, V19, P9, DOI 10.1016/S0956-5663(03)00127-1.
   Liu Y, 2015, OPT EXPRESS, V23, P20540, DOI 10.1364/OE.23.020540.
   MURAMATSU H, 1987, ANAL CHEM, V59, P2760, DOI 10.1021/ac00150a007.
   Nedelkov D, 2007, ANAL CHEM, V79, P5987, DOI 10.1021/ac070608r.
   Ogi H, 2007, PHYS REV LETT, V98, DOI 10.1103/PhysRevLett.98.195503.
   Ogi H, 2010, PHYS REV B, V82, DOI 10.1103/PhysRevB.82.155436.
   Ogi H, 2008, PHYS REV B, V78, DOI 10.1103/PhysRevB.78.134204.
   Ogi H, 2006, ANAL CHEM, V78, P6903, DOI 10.1021/ac061004a.
   Ogi H, 2016, PHYS REV B, V93, DOI 10.1103/PhysRevB.93.024112.
   Ogi H, 2010, ANAL CHEM, V82, P3957, DOI 10.1021/ac100527r.
   Otupiri R, 2015, OPT EXPRESS, V23, P15716, DOI 10.1364/OE.23.015716.
   Peeters M, 2015, ACS APPL MATER INTER, V7, P10316, DOI 10.1021/acsami.5b00994.
   SARMA VR, 1971, J BIOL CHEM, V246, P3753.
   Schmidt AJ, 2008, REV SCI INSTRUM, V79, DOI 10.1063/1.3006335.
   Soler M, 2017, BIOSENS BIOELECTRON, V94, P560, DOI 10.1016/j.bios.2017.03.047.
   Wang JW, 2014, SCI REP-UK, V4, DOI 10.1038/srep07528.
   Yu X, 2003, J PHYS CHEM B, V107, P1698, DOI 10.1021/jp026462b.}},
Number-of-Cited-References = {{26}},
Times-Cited = {{0}},
Usage-Count-Last-180-days = {{5}},
Usage-Count-Since-2013 = {{5}},
Journal-ISO = {{Sens. Actuator B-Chem.}},
Doc-Delivery-Number = {{GX3JX}},
Unique-ID = {{ISI:000447620900003}},
DA = {{2018-11-12}},
}

@article{ ISI:000447620900005,
Author = {Wang, Ying and Liu, Chengyao and Wang, Zhou and Song, Zhiwei and Zhou,
   Xinyuan and Han, Ning and Chen, Yunfa},
Title = {{Sputtered SnO2:NiO thin films on self-assembled Au nanoparticle arrays
   for MEMS compatible NO2 gas sensors}},
Journal = {{SENSORS AND ACTUATORS B-CHEMICAL}},
Year = {{2019}},
Volume = {{278}},
Pages = {{28-38}},
Month = {{JAN 1}},
Abstract = {{Here, heterostructured Au/SnO2:NiO thin films are fabricated by
   sputtering SnO2:NiO target onto the self-assembled Au nanoparticle (NPs,
   diameter similar to 9.5 nm) arrays and then activated by H-2 annealing.
   Compared with the SnO2 and SnO2:NiO thin film counterparts, the 20 nm
   thick Au/SnO2:NiO film shows the highest NO2 sensing performance after
   activated at optimized temperature of 500 degrees C, with high response
   of similar to 185 to 5 ppm NO2, low detection limit of similar to 50
   ppb, high selectivity, good stability and also low sensor-to-sensor
   variation of < 15\%. The gas sensing property enhancement could not only
   be attributed to catalytic role of the AuNPs, but also to the effective
   Schottky barrier and p-n junction formation between Au, SnO2 and NiO,
   which is verified by the relatively higher Fermi level of similar to
   4.56 eV compared with those of 4.1-4.3 eV as measured by the ultraviolet
   photoelectron spectroscopy. Furthermore, this method is of generality to
   effectively enhance the electron transfer in other sensing materials
   like pure SnO2 and WO3, showing the promising potency of this
   MicroElectrical-Mechanical System (MEMS) compatible heterostucture
   fabrication method in wafer-scale gas sensor production with high
   sensitivity, selectivity and good consistency towards low concentration
   gas detection such as ppb-level NO2.}},
Publisher = {{ELSEVIER SCIENCE SA}},
Address = {{PO BOX 564, 1001 LAUSANNE, SWITZERLAND}},
Type = {{Article}},
Language = {{English}},
Affiliation = {{Han, N; Chen, YF (Reprint Author), Chinese Acad Sci, Inst Proc Engn, State Key Lab Multiphase Complex Syst, Beijing 100190, Peoples R China.
   Wang, Ying; Liu, Chengyao; Wang, Zhou; Zhou, Xinyuan; Han, Ning; Chen, Yunfa, Chinese Acad Sci, Inst Proc Engn, State Key Lab Multiphase Complex Syst, Beijing 100190, Peoples R China.
   Wang, Ying; Han, Ning; Chen, Yunfa, Chinese Acad Sci, Inst Urban Environm, Ctr Excellence Reg Atmospher Environm, Xiamen 361021, Peoples R China.
   Song, Zhiwei, Chinese Acad Sci, Natl Ctr Nanosci \& Technol, Beijing 100190, Peoples R China.}},
DOI = {{10.1016/j.snb.2018.09.074}},
ISSN = {{0925-4005}},
Keywords = {{Au/SnO2:NiO thin films; Heterostructure; Self-assembly; NO2 gas
   detection; Thermal annealing; Fermi level}},
Keywords-Plus = {{CORE-SHELL NANORODS; SENSING PROPERTIES; ROOM-TEMPERATURE; PERFORMANCE;
   NANOSTRUCTURES; NANOCOMPOSITES; FABRICATION; NANOWIRES; MICROSTRUCTURES;
   HETEROJUNCTION}},
Research-Areas = {{Chemistry; Electrochemistry; Instruments \& Instrumentation}},
Web-of-Science-Categories  = {{Chemistry, Analytical; Electrochemistry; Instruments \& Instrumentation}},
Author-Email = {{nhan@ipe.ac.cn
   chenyf@ipe.ac.cn}},
ORCID-Numbers = {{Wang, Ying/0000-0003-1660-2578}},
Funding-Acknowledgement = {{National Key R\&D Program of China {[}2016YFC0207100]; Guangdong
   Innovative and Entrepreneurial Research Team Program {[}2014ZT05C146,
   20150317025954531]; State Key Laboratory of Multiphase Complex Systems
   {[}MPCS-2014-C-01]}},
Funding-Text = {{This research was financially supported by the National Key R\&D Program
   of China (2016YFC0207100), Guangdong Innovative and Entrepreneurial
   Research Team Program (No. 2014ZT05C146 and 20150317025954531), and the
   State Key Laboratory of Multiphase Complex Systems (MPCS-2014-C-01).}},
Cited-References = {{Andio MA, 2012, SENSOR ACTUAT B-CHEM, V165, P13, DOI 10.1016/j.snb.2011.12.045.
   Bai SL, 2017, SENSOR ACTUAT B-CHEM, V249, P22, DOI 10.1016/j.snb.2017.03.121.
   Bhattacharyya P, 2014, IEEE T DEVICE MAT RE, V14, P589, DOI 10.1109/TDMR.2014.2311801.
   Chen AQ, 2016, J ALLOY COMPD, V684, P137, DOI 10.1016/j.jallcom.2016.05.076.
   Chi WS, 2017, ACS APPL MATER INTER, V9, P37246, DOI 10.1021/acsami.7b07823.
   Ding MD, 2017, SENSOR ACTUAT B-CHEM, V252, P418, DOI 10.1016/j.snb.2017.06.016.
   Fang JB, 2017, SENSOR ACTUAT B-CHEM, V252, P1163, DOI 10.1016/j.snb.2017.07.013.
   Fu MQ, 2016, NANO LETT, V16, P2478, DOI 10.1021/acs.nanolett.6b00045.
   Gao LP, 2015, SENSOR ACTUAT B-CHEM, V208, P436, DOI 10.1016/j.snb.2014.11.053.
   Gattu KP, 2015, RSC ADV, V5, P72849, DOI 10.1039/c5ra13513c.
   Gubbala S, 2009, ENERG ENVIRON SCI, V2, P1302, DOI 10.1039/b910174h.
   Guo J, 2016, SENSOR ACTUAT B-CHEM, V226, P266, DOI 10.1016/j.snb.2015.11.140.
   Guo J, 2014, SENSOR ACTUAT B-CHEM, V199, P339, DOI 10.1016/j.snb.2014.04.010.
   Hu J, 2017, SENSOR ACTUAT B-CHEM, V252, P116, DOI 10.1016/j.snb.2017.05.113.
   Hu L, 2014, ACS PHOTONICS, V1, P547, DOI 10.1021/ph5000067.
   Hu XL, 2015, SENSOR ACTUAT B-CHEM, V221, P297, DOI 10.1016/j.snb.2015.06.080.
   Isaac NA, 2016, ACS APPL MATER INTER, V8, P3933, DOI 10.1021/acsami.5b11078.
   Ju DX, 2015, ACS APPL MATER INTER, V7, P19163, DOI 10.1021/acsami.5b04904.
   Kabcum S, 2017, SENSOR ACTUAT B-CHEM, V252, P523, DOI 10.1016/j.snb.2017.06.011.
   Kamble VB, 2016, SENSOR ACTUAT B-CHEM, V236, P208, DOI 10.1016/j.snb.2016.05.119.
   Kang JG, 2017, SENSOR ACTUAT B-CHEM, V248, P1011, DOI 10.1016/j.snb.2017.03.010.
   Katoch A., 2014, SCI REP, V4.
   Katoch A, 2014, SENSOR ACTUAT B-CHEM, V202, P38, DOI 10.1016/j.snb.2014.05.050.
   Kaur M, 2014, MATER CHEM PHYS, V147, P707, DOI 10.1016/j.matchemphys.2014.06.010.
   Kaur M, 2017, SENSOR ACTUAT B-CHEM, V242, P389, DOI 10.1016/j.snb.2016.11.054.
   Kida T, 2013, APPL PHYS EXPRESS, V6, DOI 10.7567/APEX.6.047201.
   Kim JH, 2016, ACS APPL MATER INTER, V8, P7173, DOI 10.1021/acsami.6b01116.
   Korotcenkov G, 2009, SENSOR ACTUAT B-CHEM, V142, P321, DOI 10.1016/j.snb.2009.08.006.
   Kumar A, 2017, AIR QUAL ATMOS HLTH, V10, P885, DOI 10.1007/s11869-017-0478-8.
   Kwon H, 2018, SENSOR ACTUAT B-CHEM, V255, P1663, DOI 10.1016/j.snb.2017.08.173.
   Kwon YJ, 2016, ACS APPL MATER INTER, V8, P13646, DOI 10.1021/acsami.6b01619.
   Li JW, 2015, ACS APPL MATER INTER, V7, P10108, DOI 10.1021/am508121p.
   Li L, 2015, NANOSCALE, V7, P12133, DOI 10.1039/c5nr02334c.
   Li TM, 2016, SENSOR ACTUAT B-CHEM, V231, P120, DOI 10.1016/j.snb.2016.03.003.
   Li WT, 2017, SENSOR ACTUAT B-CHEM, V244, P509, DOI 10.1016/j.snb.2017.01.022.
   Liao JH, 2012, SMALL, V8, P991, DOI 10.1002/smll.201102038.
   Lin Y, 2015, RSC ADV, V5, P61521, DOI 10.1039/c5ra10327d.
   Liu ZF, 2007, SENSOR ACTUAT B-CHEM, V128, P173, DOI 10.1016/j.snb.2007.06.001.
   Lv Y, 2011, ADV FUNCT MATER, V21, P2896, DOI 10.1002/adfm.201100467.
   Na CW, 2018, SENSOR ACTUAT B-CHEM, V255, P1671, DOI 10.1016/j.snb.2017.08.172.
   Niederberger M, 2017, ADV FUNCT MATER, V27, DOI 10.1002/adfm.201703647.
   Ogel E, 2017, CHEMCATCHEM, V9, P407, DOI 10.1002/cctc.201601132.
   Potyrailo RA, 2016, CHEM REV, V116, P11877, DOI 10.1021/acs.chemrev.6b00187.
   Presmanes L., 2017, SENSORS, V17, P17.
   Ren Z, 2013, J MATER CHEM A, V1, P9897, DOI 10.1039/c3ta11156c.
   Sun Q., 2016, RSC ADV, V6.
   Tao AR, 2008, ACCOUNTS CHEM RES, V41, P1662, DOI 10.1021/ar8000525.
   Vallejos S, 2008, SENSOR ACTUAT B-CHEM, V132, P209, DOI 10.1016/j.snb.2008.01.044.
   Vallejos S, 2007, SENSOR ACTUAT B-CHEM, V126, P573, DOI {[}10.1016/j.snb.2007.04.012, 10.1016/j.sub.2007.04.012].
   Vergara A, 2014, ANAL CHEM, V86, P6753, DOI 10.1021/ac501490k.
   Wang C, 2014, SENSOR ACTUAT B-CHEM, V204, P224, DOI 10.1016/j.snb.2014.07.083.
   Wang J, 2016, ACS APPL MATER INTER, V8, P8600, DOI 10.1021/acsami.5b12553.
   Wang Y., 2014, SCI REP, V4.
   Wuithschick M, 2015, ACS NANO, V9, P7052, DOI 10.1021/acsnano.5b01579.
   Xiao BX, 2017, SENSOR ACTUAT B-CHEM, V241, P489, DOI 10.1016/j.snb.2016.10.107.
   Xu Q, 2017, SENSOR ACTUAT B-CHEM, V245, P375, DOI 10.1016/j.snb.2017.01.136.
   Zhang J, 2016, J PHYS CHEM C, V120, P3936, DOI 10.1021/acs.jpcc.5b12162.
   Zhang J, 2016, PHYS CHEM CHEM PHYS, V18, P5386, DOI 10.1039/c5cp07961f.
   Zhang ZY, 2018, SENSOR ACTUAT B-CHEM, V257, P714, DOI 10.1016/j.snb.2017.10.190.
   Zhao X, 2016, J ALLOY COMPD, V659, P60, DOI 10.1016/j.jallcom.2015.11.015.
   Zhu XY, 2017, SENSOR ACTUAT B-CHEM, V248, P560, DOI 10.1016/j.snb.2017.04.030.}},
Number-of-Cited-References = {{61}},
Times-Cited = {{0}},
Usage-Count-Last-180-days = {{20}},
Usage-Count-Since-2013 = {{20}},
Journal-ISO = {{Sens. Actuator B-Chem.}},
Doc-Delivery-Number = {{GX3JX}},
Unique-ID = {{ISI:000447620900005}},
DA = {{2018-11-12}},
}
