@BOOK
  {KandR,
   AUTHOR  = "Kernighan, Brian W. and Ritchie, Dennis M.",
   TITLE   = "{The C Programming Language Second Edition}",
   PUBLISHER = "Prentice-Hall, Inc.",
   YEAR = 1988
  }
@article{.2001,
	abstract = {概述了微机电系统 ( MEMS)的定义和特征 ,从理论基础、技术基础和工程应用三方面 ,阐述了微机电系统的研究内容 ,简要介绍了 MEMS基础技术及 MEMS器件的研究现状},
	author = {李国平 and 陈子辰},
	year = {2001},
	title = {微机电系统的研究内容与发展现状},
	keywords = {微传感器;微机电系统;微执行器},
	pages = {389--391},
	number = {06},
	issn = {1004-3365},
	journal = {微电子学}
}


@article{.2002b,
	abstract = {系统分析了微机电系统的概念、特点及国内外先进的微机电系统的典型器件和典型系统 ,微机电有别于其它制造业的独特的加工工艺 ,以及微机电系统在当今社会的各个领域的广泛应用。介绍了我国在发展微机电系统所做的努力。提出我国必须走研究与应用并重的道路 ,使微机电系统的研究走向产业化 ,才能为我国在微电子工业的第二轮国际竞争中争取到应有地位},
	author = {刘晓斌},
	year = {2002},
	title = {微机电系统的进展分析与研究},
	keywords = {产业化;加工工艺;微机电系统(MEMS);微机械器件;应用},
	pages = {72--75},
	number = {01},
	issn = {1007-4414},
	journal = {机械研究与应用}
}


@article{.2003,
	abstract = {概述了微机电系统(MEMS)的发展史,综述了微机电系统(MEMS)领域所涉及的微材料、微机械设计和模拟、微细加工技术,微封装和测试等关键技术的研究现状.从微构件、微传感器、微执行器和专用MEMS集成系统等4方面的典型器件和典型系统,介绍了微机电系统在当今社会各个领域的广泛应用.},
	author = {张西慧 and 梁春广},
	year = {2003},
	title = {微机电系统技术进展},
	keywords = {发展史;微传感器;微机电系统;微执行器;微制造技术},
	pages = {104--109},
	number = {05},
	issn = {1007-2373},
	journal = {河北工业大学学报}
}


@article{.2003b,
	abstract = {该文分析了微型机电系统中产生的一系列特殊效应,介绍了微机电系统中新的设计理论和设计方法,以期建立微机械学理论体系。},
	author = {李立斌 and 郎素萍 and 谢丽丽},
	year = {2003},
	title = {微机电系统与微机械学},
	keywords = {仿真设计;微机械学;微型机械;综合效应},
	pages = {26--28},
	number = {03},
	issn = {1008-8415},
	journal = {高等职业教育(天津职业大学学报)}
}


@article{.2004d,
	abstract = {微机电系统是一种集微电子电路和微机械致动器的微小器件,微传感器的性能检测可通过对系统输入量和输出量的检测,选择合适的测试仪器和测试方法来实现。根据角频率的推导,采用频率响应方法,其结果比通过传递函数数值分析得到的谐振角频率精确得多。},
	author = {鲍雅萍},
	year = {2004},
	title = {微机电系统性能检测的分析与研究},
	keywords = {传感器;检测;微机电系统},
	pages = {14--16},
	number = {02},
	issn = {1671-928X},
	journal = {安阳大学学报}
}


@article{.2004e,
	abstract = {微机电系统是源于微电子加工技术 ,融合了微机械制造、传感、致动及微控制于一体的系统。其特征尺寸极小 ,学科交叉广泛 ;技术研究包括微系统理论、设计建模、微机械加工、微器件集成等多个方面 ;学科分类涵盖了机械、力学、光学、流体、电磁学、生物学等各领域 ,在民品和军品领域有许多热点应用。本文介绍了微机电系统发展概况、微机电系统技术关键、微机电系统有关传感器 ,以及微机电系统热点应用和微机电系统技术的发展前景。},
	author = {高世桥 and 曲大成},
	year = {2004},
	title = {微机电系统(MEMS)技术的研究与应用},
	keywords = {MEMS;微机电系统;微机械加工;智能控制},
	pages = {17--21},
	number = {04},
	issn = {1000-7857},
	journal = {科技导报}
}
@article{ ISI:000448496100042,
	Author = {Farokhi, Hamed and Ghayesh, Mergen H.},
	Title = {{Viscoelastic shear deformable microplates: Nonlinear forced resonant
	characteristics}},
	Journal = {{MECHANICAL SYSTEMS AND SIGNAL PROCESSING}},
	Year = {{2019}},
	Volume = {{118}},
	Pages = {{742-756}},
	Month = {{MAR 1}},
	Abstract = {{A viscoelastic model for a shear-deformable microplate is developed in
	this paper while accounting for geometric nonlinearities. Nonlinear
	numerical solutions are conducted to examine the resonant oscillations
	of the microsystem. The geometrically nonlinear theoretical model is
	developed utilising the Kelvin-Voigt viscoelastic model, to account for
	nonlinear dissipation, the modified version of the couple-stress theory,
	to account for smallscale characteristics, and the third-order
	deformation theory, to account for shear stress. The constitutive
	relations for both the classical and higher-order stress tensors are
	constructed and are divided into elastic and viscous components. The
	elastic components are used to develop the potential strain energy and
	the viscous components are employed to model the virtual work of damping
	(energy dissipation). Additionally, the microplate motion energy is
	developed while accounting for all in-plane, out-of-plane, and
	rotational motions. A distributed harmonic load, as the representative
	an external force, is applied to the microsystem and the corresponding
	virtual work is obtained. The generalised Hamilton's principle is
	applied to the virtual works and variations of the energy terms,
	resulting in the nonlinear equations of motion of the microsystem. Being
	of partial differential type, the equations of motion are discretised
	into a set of nonlinearly coupled ordinary differential equations
	consisting of nonlinear geometric and nonlinear damping terms. A
	solution procedure for the forced oscillation analysis of the
	microsystem is developed using a continuation method. Different diagrams
	are constructed to examine the nonlinear resonant characteristics of the
	viscoelastic shear deformable microplate and to highlight the nonlinear
	dependency of the Kelvin-Voigt viscoelastic damping mechanism on the
	oscillation amplitude, for a geometrically nonlinear model. (C) 2018
	Elsevier Ltd. All rights reserved.}},
	Publisher = {{ACADEMIC PRESS LTD- ELSEVIER SCIENCE LTD}},
	Address = {{24-28 OVAL RD, LONDON NW1 7DX, ENGLAND}},
	Type = {{Article}},
	Language = {{English}},
	Affiliation = {{Ghayesh, MH (Reprint Author), Univ Adelaide, Sch Mech Engn, Adelaide, SA 5005, Australia.
	Farokhi, Hamed, Northumbria Univ, Dept Mech \& Construct Engn, Newcastle Upon Tyne NE1 8ST, Tyne \& Wear, England.
	Ghayesh, Mergen H., Univ Adelaide, Sch Mech Engn, Adelaide, SA 5005, Australia.}},
	DOI = {{10.1016/j.ymssp.2018.08.058}},
	ISSN = {{0888-3270}},
	Keywords = {{Viscoelastic shear deformable microplates; Kelvin-Voigt model; Resonant
	oscillations; Nonlinear damping}},
	Keywords-Plus = {{COUPLE STRESS THEORY; STRAIN-GRADIENT ELASTICITY; GEOMETRICALLY
	IMPERFECT MICROBEAM; FUNCTIONALLY GRADED MICROBEAMS; SIZE-DEPENDENT
	DYNAMICS; PLATE; MEMS; KIRCHHOFF; STABILITY; BEHAVIOR}},
	Research-Areas = {{Engineering}},
	Web-of-Science-Categories  = {{Engineering, Mechanical}},
	Author-Email = {{hamed.farokhi@northumbria.ac.uk
	mergen.ghayesh@adelaide.edu.au}},
	Cited-References = {{Allgower E., 2003, INTRO NUMERICAL CONT.
	Asghari M, 2012, INT J ENG SCI, V51, P292, DOI 10.1016/j.ijengsci.2011.08.013.
	Chen CP, 2017, NONLINEAR DYNAM, V90, P1301, DOI 10.1007/s11071-017-3727-3.
	Chen SH, 2011, ACTA MECH, V219, P291, DOI 10.1007/s00707-011-0461-7.
	De Pasquale G, 2010, MECH SYST SIGNAL PR, V24, P1621, DOI 10.1016/j.ymssp.2010.01.010.
	Farajpour A, 2012, COMPOS STRUCT, V94, P1605, DOI 10.1016/j.compstruct.2011.12.032.
	Farokhi F, 2013, INT J ENG SCI, V68, P11, DOI 10.1016/j.ijengsci.2013.03.001.
	Farokhi H, 2018, INT J ENG SCI, V123, P197, DOI 10.1016/j.ijengsci.2017.08.017.
	Farokhi H, 2016, INT J ENG SCI, V99, P39, DOI 10.1016/j.ijengsci.2015.10.014.
	Farokhi H, 2015, INT J ENG SCI, V91, P12, DOI 10.1016/j.ijengsci.2015.02.005.
	Farokhi H, 2015, INT J MECH SCI, V90, P133, DOI 10.1016/j.ijmecsci.2014.11.002.
	Feng G, 2016, MECH SYST SIGNAL PR, V76-77, P228, DOI 10.1016/j.ymssp.2015.12.033.
	FLECK NA, 1994, ACTA METALL MATER, V42, P475, DOI 10.1016/0956-7151(94)90502-9.
	Ghayesh MH, 2018, INT J MECH SCI, V140, P339, DOI 10.1016/j.ijmecsci.2018.02.037.
	Ghayesh MH, 2018, APPL MATH MODEL, V59, P583, DOI 10.1016/j.apm.2018.02.017.
	Ghayesh MH, 2018, INT J ENG SCI, V124, P115, DOI 10.1016/j.ijengsci.2017.11.004.
	Ghayesh MH, 2017, INT J ENG SCI, V110, P35, DOI 10.1016/j.ijengsci.2016.09.011.
	Ghayesh MH, 2016, INT J ENG SCI, V109, P243, DOI 10.1016/j.ijengsci.2016.09.004.
	Ghayesh MH, 2016, INT J ENG SCI, V100, P99, DOI 10.1016/j.ijengsci.2015.11.003.
	Ghayesh MH, 2015, INT J ENG SCI, V96, P34, DOI 10.1016/j.ijengsci.2015.07.004.
	Ghayesh MH, 2015, INT J ENG SCI, V86, P60, DOI 10.1016/j.ijengsci.2014.10.004.
	Ghayesh MH, 2014, COMPOS PART B-ENG, V60, P423, DOI 10.1016/j.compositesb.2013.12.074.
	Ghayesh MH, 2014, COMPOS PART B-ENG, V60, P371, DOI 10.1016/j.compositesb.2013.12.030.
	Ghayesh MH, 2013, J SOUND VIB, V332, P6405, DOI 10.1016/j.jsv.2013.06.026.
	Ghayesh MH, 2013, INT J ENG SCI, V71, P137, DOI 10.1016/j.ijengsci.2013.05.006.
	Ghayesh MH, 2013, INT J ENG SCI, V71, P1, DOI 10.1016/j.ijengsci.2013.04.003.
	Ghayesh MH, 2013, COMPOS PART B-ENG, V50, P318, DOI 10.1016/j.compositesb.2013.02.021.
	Ghayesh MH, 2013, INT J ENG SCI, V63, P52, DOI 10.1016/j.ijengsci.2012.12.001.
	Ghayesh MH, 2012, COMPUT STRUCT, V112, P406, DOI 10.1016/j.compstruc.2012.09.005.
	Ghayesh MH, 2012, NONLINEAR DYNAM, V70, P335, DOI 10.1007/s11071-012-0458-3.
	Ghayesh MH, 2011, ACTA MECH SOLIDA SIN, V24, P373.
	Ghayesh MH, 2009, MECH MACH THEORY, V44, P1964, DOI 10.1016/j.mechmachtheory.2009.05.004.
	Gholipour A, 2015, NONLINEAR DYNAM, V79, P1771, DOI 10.1007/s11071-014-1773-7.
	Go JS, 1996, SENSOR ACTUAT A-PHYS, V54, P579, DOI 10.1016/S0924-4247(97)80018-0.
	Hanley TH, 2017, MECH SYST SIGNAL PR, V89, P27, DOI 10.1016/j.ymssp.2016.07.018.
	Haque MA, 2003, ACTA MATER, V51, P3053, DOI 10.1016/S1359-6454(03)00116-2.
	Hashemi SH, 2011, PHYSICA E, V43, P1400, DOI 10.1016/j.physe.2011.03.012.
	Thai HT, 2013, COMPOS STRUCT, V95, P142, DOI 10.1016/j.compstruct.2012.08.023.
	Jomehzadeh E, 2011, PHYSICA E, V43, P877, DOI 10.1016/j.physe.2010.11.005.
	Lam DCC, 2003, J MECH PHYS SOLIDS, V51, P1477, DOI 10.1016/S0022-5096(03)00053-X.
	Lin RM, 2006, MECH SYST SIGNAL PR, V20, P1015, DOI 10.1016/j.ymssp.2005.08.013.
	Lin WH, 2005, MICROSYST TECHNOL, V11, P80, DOI {[}10.1007/s00542-004-0411-6, 10.1007/S00542-004-0411-6].
	Madinei H, 2016, MECH SYST SIGNAL PR, V81, P360, DOI 10.1016/j.ymssp.2016.03.023.
	Martowicz A, 2012, MECH SYST SIGNAL PR, V32, P44, DOI 10.1016/j.ymssp.2012.04.022.
	McFarland AW, 2005, J MICROMECH MICROENG, V15, P1060, DOI 10.1088/0960-1317/15/5/024.
	MITTELMANN HD, 1986, SIAM J NUMER ANAL, V23, P1007, DOI 10.1137/0723068.
	Movassagh AA, 2013, EUR J MECH A-SOLID, V40, P50, DOI 10.1016/j.euromechsol.2012.12.008.
	Nabian A, 2013, ACTA MECH SOLIDA SIN, V26, P205, DOI 10.1016/S0894-9166(13)60020-8.
	Reddy JN, 2012, COMPOS STRUCT, V94, P1128, DOI 10.1016/j.compstruct.2011.10.006.
	Rojas RA, 2018, MECH SYST SIGNAL PR, V107, P291, DOI 10.1016/j.ymssp.2017.11.005.
	Roque CMC, 2013, APPL MATH MODEL, V37, P4626, DOI 10.1016/j.apm.2012.09.063.
	Sabater AB, 2017, MECH SYST SIGNAL PR, V84, P241, DOI 10.1016/j.ymssp.2016.06.003.
	Sari I, 2010, J MICROELECTROMECH S, V19, P14, DOI 10.1109/JMEMS.2009.2037245.
	Shen C, 2016, MECH SYST SIGNAL PR, V72-73, P897, DOI 10.1016/j.ymssp.2015.11.004.
	Shi HC, 2015, MECH SYST SIGNAL PR, V50-51, P535, DOI 10.1016/j.ymssp.2014.05.015.
	Wang BL, 2011, EUR J MECH A-SOLID, V30, P517, DOI 10.1016/j.euromechsol.2011.04.001.
	Wei YM, 2018, MECH SYST SIGNAL PR, V100, P534, DOI 10.1016/j.ymssp.2017.07.034.
	Yang F, 2002, INT J SOLIDS STRUCT, V39, P2731, DOI 10.1016/S0020-7683(02)00152-X.
	Zhang GJ, 2018, MECH SYST SIGNAL PR, V104, P607, DOI 10.1016/j.ymssp.2017.11.027.}},
	Number-of-Cited-References = {{59}},
	Times-Cited = {{0}},
	Usage-Count-Last-180-days = {{0}},
	Usage-Count-Since-2013 = {{0}},
	Journal-ISO = {{Mech. Syst. Signal Proc.}},
	Doc-Delivery-Number = {{GY3ZN}},
	Unique-ID = {{ISI:000448496100042}},
	DA = {{2018-11-12}},
}

@article{ ISI:000447085800032,
	Author = {Skrzypacz, Piotr and Kadyrov, Shirali and Nurakhmetov, Daulet and Wei,
	Dongming},
	Title = {{Analysis of dynamic pull-in voltage of a graphene MEMS model}},
	Journal = {{NONLINEAR ANALYSIS-REAL WORLD APPLICATIONS}},
	Year = {{2019}},
	Volume = {{45}},
	Pages = {{581-589}},
	Month = {{FEB}},
	Abstract = {{Bifurcation analysis of dynamic pull-in for a lumped mass model is
	presented. The restoring force of the spring is derived based on the
	nonlinear constitutive stress-strain law and the driving force of the
	mass attached to the spring is based on the electrostatic Coulomb force,
	respectively. The analysis is performed on the resulting nonlinear
	spring-mass equation with initial conditions. The necessary and
	sufficient conditions for the existence of periodic solutions are
	derived analytically and illustrated numerically. The conditions for
	bifurcation points on the parameters associated with the second-order
	elastic stiffness constant and the voltage are determined. (C) 2018
	Elsevier Ltd. All rights reserved.}},
	Publisher = {{PERGAMON-ELSEVIER SCIENCE LTD}},
	Address = {{THE BOULEVARD, LANGFORD LANE, KIDLINGTON, OXFORD OX5 1GB, ENGLAND}},
	Type = {{Article}},
	Language = {{English}},
	Affiliation = {{Skrzypacz, P (Reprint Author), Nazarbayev Univ, Sch Sci \& Technol, 53 Kabanbay Batyr Ave, Astana 010000, Kazakhstan.
	Skrzypacz, Piotr; Nurakhmetov, Daulet; Wei, Dongming, Nazarbayev Univ, Sch Sci \& Technol, 53 Kabanbay Batyr Ave, Astana 010000, Kazakhstan.
	Kadyrov, Shirali, Suleyman Demirel Univ, Kaskelen 040900, Kazakhstan.
	Nurakhmetov, Daulet, S Seifullin Kazakh Agrotech Univ, Dept Informat Syst, Zhenis Ave 62, Astana 010011, Kazakhstan.}},
	DOI = {{10.1016/j.nonrwa.2018.07.025}},
	ISSN = {{1468-1218}},
	Keywords = {{MEMS; Graphene; Pull-in; Nonlinear oscillator; Bifurcation; Periodic
	solution}},
	Keywords-Plus = {{INSTABILITY}},
	Research-Areas = {{Mathematics}},
	Web-of-Science-Categories  = {{Mathematics, Applied}},
	Author-Email = {{piotr.skrzypacz@nu.edu}},
	Funding-Acknowledgement = {{Nazarbayev University ORAU}},
	Funding-Text = {{This research was supported by the Nazarbayev University ORAU grant
	``Modeling and Simulation of Nonlinear Material Structures for
	Mechanical Pressure Sensing and Actuation Applications{''}.}},
	Cited-References = {{Cadelano E, 2009, PHYS REV LETT, V102, DOI 10.1103/PhysRevLett.102.235502.
	Cveticanin L, 2004, PHYSICA A, V341, P123, DOI 10.1016/j.physa.2004.04.123.
	Flores G, 2017, J DIFFER EQUATIONS, V262, P3597, DOI 10.1016/j.jde.2016.11.037.
	Ganji B., 2010, IJE T B, V4, P191.
	Ganji BA, 2009, SENSOR ACTUAT A-PHYS, V149, P29, DOI 10.1016/j.sna.2008.09.017.
	Gutierrez A, 2013, INT J BIFURCAT CHAOS, V23, DOI 10.1142/S0218127413500880.
	Lee C, 2008, SCIENCE, V321, P385, DOI 10.1126/science.1157996.
	Lu Q, 2009, INT J APPL MECH, V1, P443, DOI 10.1142/S1758825109000228.
	Malina E., 2011, THESIS.
	NATHANSON HC, 1967, IEEE T ELECTRON DEV, VED14, P117, DOI 10.1109/T-ED.1967.15912.
	Shampine L.F., 2003, SOLVING ODES MATLAB.
	Wei D., 2017, APPL COMPUT MECH, V11.
	Younis MI, 2011, MICROSYST SER, P1, DOI 10.1007/978-1-4419-6020-7.
	Zhang WM, 2014, SENSOR ACTUAT A-PHYS, V214, P187, DOI 10.1016/j.sna.2014.04.025.}},
	Number-of-Cited-References = {{14}},
	Times-Cited = {{0}},
	Usage-Count-Last-180-days = {{28}},
	Usage-Count-Since-2013 = {{28}},
	Journal-ISO = {{Nonlinear Anal.-Real World Appl.}},
	Doc-Delivery-Number = {{GW6QP}},
	Unique-ID = {{ISI:000447085800032}},
	DA = {{2018-11-12}},
}
